2880 5046
328 477 513 540 nconnsin
536 489 800 542 nunnnunram
827 463 962 541 1531-2.
1181 477 1222 540 5⁵

71 648 119 708 63.
135 643 187 710 Sd.
214 645 318 799 ¹{gem
333 646 369 714 in
384 642 530 732 cucullis,
544 648 658 730 bottis,
681 647 800 715 tunicis
820 656 854 714 et
875 647 945 714 aliia
960 644 1149 715 necessariis
1163 669 1223 734 per

69 754 193 797 annum
272 756 298 802 3.

112 907 295 975 uxpnnsn
326 930 474 975 nornrci
506 929 644 976 nomm
679 908 842 976 Pnronrs.
888 907 934 975 Et
962 906 1056 975 uxori
1085 906 1221 976 Roberti

68 993 236 1061 Smethers
265 1014 325 1082 pro
353 996 479 1062 locione
507 1018 691 1084 pannorum
720 996 844 1064 domini
870 997 990 1062 Prioris
1038 1016 1073 1062 er
1098 1020 1220 1062 annum

66 1084 183 1148 33431.
229 1084 326 1150 Unde
356 1085 454 1149 soluti
484 1085 600 1168 eidem,
634 1093 654 1151 2
684 1083 892 1166 Novembris,
921 1104 980 1172 per
1009 1018 1219 1171 Uadulphum

66 1167 218 1257 Wadley,
241 1176 288 1237 33.
303 1172 356 1236 dd.
400 1170 447 1238 Et
461 1171 580 1258 quieta.

108 1343 356 1410 Ennnmosrnm
374 1347 661 1412 consonum—In
677 1344 910 1412 distribuoione
924 1343 1008 1410 iacta
1022 1342 1219 1431 pauperibus

64 1428 108 1494 ad
123 1431 313 1495 mandatum
327 1432 362 1496 in
378 1453 469 1498 coena
481 1433 619 1499 Domini
633 1435 786 1499 1023431.

107 1603 239 1671 Vmom
256 1626 384 1671 annun
401 1605 762 1693 Mamm-Georgius
779 1603 923 1693 Stobbya
938 1627 1127 1692 perannum
1145 1602 1217 1673 1231.

63 1690 163 1757 Unde
178 1693 276 1758 soluti
290 1693 396 1759 eidem
410 1695 446 1758 in
461 1694 513 1760 die
529 1695 640 1761 Sancti
654 1696 790 1760 Thomae
808 1695 959 1780 apostoli,
974 1704 1008 1759 et
1024 1694 1163 1779 quietus.

107 1779 232 1866 Relicta
245 1781 317 1844 Lax
331 1803 389 1867 per
404 1804 525 1847 annum
543 1784 616 1847 1331.
652 1782 750 1848 Unde
766 1782 865 1848 soluti
879 1782 1058 1847 Lanaeloto
1075 1781 1217 1847 Hobson

63 1863 175 1930 sisaori
190 1869 231 1942 27
247 1867 451 1949 Decembris,
474 1878 508 1934 et
523 1869 641 1955 quieta.

105 1951 231 2018 Relicta
246 1953 433 2039 Hawghton
453 1977 650 2041 perannum
674 1958 747 2022 md.
792 1953 891 2022 Unde
912 1955 1011 2021 soluti
1031 1955 1136 2022 eidem
1158 1975 1218 2042 per

60 2032 218 2124 Egidium
232 2038 361 2105 Tumor
377 2043 461 2120 iad,
485 2046 526 2106 19
542 2041 744 2122 Decembris,
767 2051 801 2107 et
816 2042 934 2127 quieta.

107 2124 232 2191 Relicta
253 2125 445 2212 Kyrkeman
466 2149 525 2213 per
543 2150 665 2191 annum
683 2131 756 2194 lud.
802 2127 922 2194 Quieta
947 2149 1006 2212 per
1029 2127 1216 2192 Johannem

61 2210 322 2301 Greynesweyrd
336 2213 371 2276 in
386 2215 471 2296 festo
487 2214 682 2280 Sanctorum
698 2213 930 2279 Innocentium
945 2214 1028 2276 infra
1045 2213 1174 2277 Natale.

105 2383 454 2455 Masunnnwaan.-—
466 2386 649 2454 Christofer
667 2388 799 2455 'Protter
814 2408 1008 2476 perannum
1023 2393 1072 2452 33.
1117 2385 1217 2453 Unde

64 2470 163 2624 30111311
178 2476 283 2542 eidem
297 2498 356 2564 per
370 2476 531 2543 Thomam
547 2478 638 2558 Raw,
660 2476 695 2542 in
710 2476 819 2564 vigilia
842 2475 954 2542 Sancti
969 2475 1104 2542 Th0mae
1119 2497 1216 2563 apos-

61 2568 96 2624 to
111 2559 131 2640 ',
153 2568 200 2626 33.
217 2573 251 2628 et
287 2563 405 2630 uictus.

101 2648 226 2715 Relicta
238 2586 356 2717 Girwer
370 2648 527 2736 [Thomas
543 2650 726 2738 Smyrwhat
740 2650 923 2735 interliced]
951 2672 1010 2737 per
1026 2673 1147 2716 annum
1162 2656 1212 2718 33.

60 2733 160 2800 Unde
176 2738 275 2802 soluti
289 2738 394 2804 eidem
432 2761 468 2804 er
481 2739 632 2805 clericum
648 2739 767 2805 cellarii
782 2739 924 2804 cervisiae
939 2745 978 2803 33
1003 2747 1036 2803 et
1073 2739 1171 2803 uieta.

103 2822 268 2890 Robertus
283 2825 386 2891 Ward
418 2848 435 2891 e
460 2847 660 2913 perannum
683 2834 733 2895 33.
777 2826 876 2891 Unde
900 2824 999 2891 soluti
1024 2761 1130 2890 eidem
1155 2845 1215 2911 per

58 2905 242 2976 Robertum
258 2911 384 2992 Porter,
405 2921 440 2977 et
454 2912 592 2997 quietus.

102 2996 198 3061 Uxor
212 2997 235 3062 J
237 2996 374 3062 ohannis
388 2998 519 3062 Trotter
540 3020 735 3083 perannum
750 3005 798 3063 33.
843 2997 961 3062 Eidem
978 2995 1087 3076 soluti,
1111 2996 1131 3072 7
1146 2994 1215 3061 De-

56 3080 210 3162 cembris,
226 3085 300 3148 rod,
344 3083 392 3149 Et
402 3083 507 3148 eidem
521 3083 557 3149 in
572 3084 624 3150 die
641 3085 753 3150 Sancti
763 3084 899 3148 Thomae
914 3083 1054 3169 apostoli
1071 3084 1145 3149 lod.

101 3166 246 3234 Thomas
279 3167 407 3256 Harper
432 3191 491 3256 per
519 3195 642 3237 annum
671 3179 719 3237 33.
763 3170 863 3238 Unde
890 3170 989 3236 soluti
1018 3169 1125 3235 eidem
1155 3188 1215 3256 per

59 3254 299 3322 Christoferum
310 3256 441 3324 'l'rotter
455 3257 496 3321 de
511 3258 715 3346 Elmydayne
731 3264 778 3324 33.
794 3267 828 3324 et
842 3257 981 3344 quietus.

100 3342 270 3410 Johannes
287 3345 391 3410 Rosse
405 3367 465 3431 per
479 3368 601 3411 annum
613 3352 662 3412 33.
707 3344 806 3412 Unde
822 3345 921 3411 soluti
933 3345 1038 3411 eidem
1053 3367 1111 3432 per
1126 3342 1213 3412 Leo·

54 3431 195 3496 nardum
210 3430 404 3518 Atkyngaon
417 3441 450 3497 et
464 3432 604 3519 quietus.

100 3518 211 3603 Agnes
226 3518 383 3605 Davyson
407 3518 512 3584 soluta
539 3519 717 3606 [Georgius
743 3521 903 3607 Davyson
925 3520 1056 3598 erased]
1081 3541 1140 3606 per
1154 3543 1212 3584 an-

53 3626 136 3668 num
152 3611 199 3669 33.
244 3602 342 3670 Unde
358 3605 457 3671 soluti
479 3606 584 3671 eidem
608 3630 667 3693 per
688 3606 873 3673 Johannem
890 3607 1024 3686 Mawm,
1045 3605 1080 3669 in
1102 3605 1212 3690 vigilia

53 3688 234 3775 nativitatis
249 3692 396 3774 Domini,
412 3701 446 3759 et
460 3692 579 3779 quieta.

99 3775 225 3842 Relicta
239 3778 439 3864 Dyoheburn
455 3802 513 3865 per
527 3802 650 3846 annum
665 3787 714 3847 33.
758 3780 857 3848 Unde
873 3779 968 3845 dictae
982 3778 1090 3844 viduae
1111 3777 1210 3843 soluti

51 3884 114 3949 per
131 3862 309 3949 Georgium
325 3864 452 3945 Skelus,
468 3876 502 3931 et
513 3867 631 3951 quieta.

97 3948 223 4015 Relicta
238 3950 337 4015 Clark
350 3974 409 4036 per
420 3974 542 4016 annum
557 3960 606 4017 33.
636 3953 734 4017 Unde
745 3953 843 4017 soluti
858 3952 964 4017 eidem
979 3972 1037 4036 per
1047 3946 1209 4016 'rhomam

55 4035 166 4116 Clerk,
180 4037 215 4100 in
231 4037 340 4188 viffissia
355 4038 466 4102 Sancti
476 4039 612 4103 Thomae
624 4039 775 4123 apostoli.

99 4122 255 4189 Michaell
298 4130 420 4202 reaton,
443 4146 639 4210 perannum
656 4131 704 4188 33.
749 4123 850 4190 Unde
867 4122 966 4190 soluti
981 4120 1086 4188 eidem
1104 4121 1139 4189 in
1155 4122 1208 4192 dic

53 4211 159 4276 sancti
169 4208 306 4277 Thomae
321 4210 471 4295 apostoli,
485 4219 519 4278 et
534 4211 672 4297 quietus.

97 4294 251 4364 Johanna
273 4297 454 4386 Robynson
478 4320 672 4385 perannum
687 4304 734 4364 33.
779 4284 878 4364 Unde
904 4294 1003 4364 soluti
1027 4295 1133 4366 eidem
1147 4314 1208 4388 per

52 4384 237 4452 Robertum
252 4384 446 4483 Robynaon,
467 4394 502 4454 et
515 4384 633 4475 quieta.
