2880 5046
249 448 294 514 ⁶2
368 512 374 523 ,
675 458 790 506 erana
812 457 992 506 aunsnan

248 619 347 685 Novo
363 616 492 698 (133133,
508 622 532 689 5,
544 615 639 698 Maii,
654 616 707 682 fid
752 617 799 680 Et
813 614 918 681 eidem
932 612 1018 680 trina
1031 613 1102 682 vioe
1116 615 1152 680 in
1162 613 1263 682 Novo
1276 614 1406 701 caseo,

249 710 291 770 10
307 704 400 786 Maii,
415 706 468 771 ad.
512 705 559 769 Et
573 702 678 768 eidem
692 701 727 768 in
743 703 840 769 Novo
857 703 975 768 Castro
989 703 1043 768 431.
1089 702 1225 770 Summa
1240 712 1313 772 603.
1334 708 1406 777 lld.

518 962 748 1030 EXPENSAE
772 962 1127 1032 HALMOTORUM.

290 1137 828 1224 ParmusToauus.-1nprimis
844 1159 905 1224 pro
920 1138 1072 1224 expensis
1092 1139 1127 1205 in
1144 1141 1270 1208 cestria
1286 1150 1335 1211 23.
1350 1147 1401 1214 dd.

245 1229 292 1295 Et
306 1228 451 1293 Roberto
468 1226 611 1313 Legcyte
625 1248 686 1310 pro
700 1226 909 1311 navigacionc
922 1248 1026 1311 usque
1042 1226 1158 1315 Sheyls
1174 1251 1400 1319 superaquam

245 1316 286 1381 de
300 1314 393 1401 'l'yne
407 1316 461 1379 431.
507 1313 593 1379 Item
607 1313 642 1378 in
657 1313 809 1399 expensis
823 1312 946 1377 ibidem
963 1315 1037 1378 lod.
1070 1315 1116 1379 Et
1127 1316 1246 1381 familis
1262 1318 1305 1384 de
1320 1321 1400 1385 Yar-

243 1423 311 1504 row
333 1403 368 1466 in
381 1401 523 1501 regardis
541 1402 614 1466 1231.
658 1400 713 1501 Et·
726 1401 762 1463 in
789 1399 941 1500 expensis
961 1401 1049 1485 apud
1064 1401 1218 1504 Byewley
1234 1407 1309 1469 1531.
1355 1407 1400 1473 Et

242 1487 988 1640 111111111111111111111111
1001 1492 1398 1664 tttsstt'ttt'tt

243 1584 335 1726 [se.
352 1662 404 1725 sd.
442 1661 488 1725 Et
509 1658 545 1724 in
566 1661 644 1725 vino
659 1660 761 1725 misso
788 1646 877 1747 apud
897 1596 1096 1746 Meryngldon
1121 1599 1396 1747 perrllioholaum

243 1747 420 1816 Newsbam
443 1753 490 1811 23.
535 1747 582 1811 Et
605 1745 640 1811 in
666 1747 800 1813 cervisia
820 1746 943 1813 ibidem
968 1748 1039 1812 md.
1062 1771 1146 1833 pane
1162 1754 1215 1817 8ul.
1237 1751 1273 1816 in
1297 1754 1398 1820 farina

244 1835 309 1915 2d.,
324 1856 361 1898 ac
372 1833 407 1898 in
417 1833 559 1920 regardis
575 1834 659 1901 datis
674 1835 796 1900 famulo
813 1832 980 1900 senescalli
994 1835 1120 1901 domini
1130 1838 1290 1925 Episcopi
1302 1842 1398 1908 od.-

243 1923 373 2093 28⁰[4d·.
396 2056 405 2074 .
430 2056 437 2073 .
462 2055 471 2072 .
503 1966 635 2074 terrario
650 2032 710 2096 pro
725 2009 867 2095 regardis
883 2007 967 2074 datis
983 2009 1136 2096 operariis
1151 2012 1239 2097 apud
1255 2015 1396 2082 Stokton

244 2096 297 2160 Sd.
321 2143 328 2159 .
353 2138 361 2159 .
382 2140 393 2176 ,
416 2115 476 2181 pro
491 2096 625 2163 cervisia
645 2097 766 2164 ibidem
781 2099 834 2163 od.
849 2105 887 2162 ut
908 2096 1036 2179 estimo,
1051 2107 1085 2164 et
1107 2098 1142 2163 in
1158 2097 1308 2187 Cowpon
1327 2105 1395 2172 lid.

242 2182 285 2248 Ia
297 2182 464 2268 mercica]

287 2445 484 2513 Sacounos
506 2441 762 2510 Tonsos—Et
790 2441 919 2507 famulis
949 2440 1100 2529 Magistri
1126 2443 1166 2511 de
1195 2443 1396 2519 Yarrowin

242 2533 384 2620 regardis
403 2535 475 2598 lec.
517 2532 565 2594 Et
577 2530 613 2593 in
628 2527 755 2593 cestria
765 2535 812 2593 33.
828 2530 881 2594 od.

285 2708 447 2776 Tnnoros
463 2703 673 2768 Tannus.—

285 3057 525 3122 Ponrsoonns
552 3051 650 3118 Novr
673 3049 914 3116 Cassan—Et
943 3051 1042 3117 soluti
1067 3051 1280 3137 portitoribus
1306 3058 1392 3125 Nori

243 3141 350 3210 Oestri
364 3161 424 3227 pro
449 3139 637 3224 portacione
662 3145 681 3202 2
704 3135 822 3202 barells
845 3136 962 3217 mellis,
987 3146 1002 3203 1
1030 3136 1130 3203 barell
1154 3141 1227 3219 olei,
1249 3144 1304 3208 6d.
1350 3147 1392 3210 nt

241 3229 363 3296 eisdem
378 3249 438 3313 pro
453 3227 640 3313 portacione
656 3233 674 3289 2
690 3225 856 3310 hogcshed
877 3225 945 3289 vini
960 3247 979 3288 a
993 3225 1068 3291 navi
1086 3228 1158 3291 lld.
1202 3229 1249 3296 Et
1269 3230 1390 3297 eisdem

239 3337 299 3404 pro
314 3315 501 3402 portacione
514 3321 530 3378 1
547 3314 647 3380 barell
661 3312 798 3376 allecum
813 3310 960 3375 alborum
979 3313 1028 3376 ld.
1072 3312 1118 3376 Et
1132 3335 1192 3398 pro
1203 3319 1390 3400 portacione

241 3411 260 3467 8
298 3426 331 3467 u.
346 3402 428 3468 ordii
444 3405 507 3482 Sd,
524 3409 557 3466 et
572 3401 695 3466 eisdem
709 3419 769 3482 pro
809 3397 972 3462 ortaoione
986 3407 1052 3464 200
1063 3399 1243 3487 stokfyshe,
1258 3405 1314 3470 sd.
1337 3406 1391 3485 ln,

240 3493 260 3567 7
277 3426 404 3569 doreti,
428 3488 526 3554 soluti
540 3485 753 3575 portitoribus
812 3484 866 3549 ovi
881 3483 988 3549 Castri
1005 3506 1065 3572 pro
1087 3489 1276 3571 portacione
1303 3499 1320 3555 1
1338 3491 1391 3557 ba·

239 3577 297 3643 rell
313 3577 385 3658 olei,
404 3584 417 3641 l
436 3575 537 3641 barell
551 3575 688 3638 allecum
704 3591 862 3652 sororum,
876 3579 892 3636 1
905 3571 1007 3638 barell
1017 3574 1139 3640 vinacri
1150 3582 1184 3640 et
1200 3577 1324 3654 (blank)
1341 3579 1391 3647 ac.

240 3665 282 3730 In
298 3673 451 3750 compoto
472 3671 539 3727 133.
555 3662 609 3724 cd.

288 3752 349 3837 [Et
362 3772 422 3838 pro
438 3746 624 3836 portacione
635 3744 704 3811 vini
711 3766 770 3832 per
783 3746 807 3812 J
808 3746 970 3813 ohannem
985 3748 1114 3837 Bukley
1127 3756 1166 3816 ut
1174 3750 1293 3818 estimo
1318 3799 1328 3819 .
1350 3798 1360 3820 .
1380 3798 1390 3819 .

237 3839 279 3906 In
293 3836 462 3922 carpine]

282 4013 356 4077 Pac
373 4028 508 4075 annno.
519 4009 631 4088 -Et,
646 4017 687 4072 26
703 4007 806 4089 Junii,
830 4007 928 4074 soluti
942 4009 1078 4075 Thema
1093 4010 1117 4078 J
1117 4033 1223 4078 onson
1237 4034 1300 4100 pro
1316 4036 1390 4105 por·

236 4098 363 4165 tucione
386 4095 520 4161 lbarell
543 4095 649 4160 mellis
673 4105 707 4160 et
729 4103 748 4160 2
771 4096 924 4182 ferkyngs
948 4119 1027 4183 sope
1047 4099 1100 4163 ad.
1144 4100 1191 4164 Et
1215 4102 1316 4167 soluti
1330 4126 1389 4190 pro

235 4182 444 4268 navigacione
458 4181 543 4248 ultra
557 4205 674 4268 aquam
688 4205 763 4248 cum
784 4183 815 4248 le
838 4205 1021 4270 waynnyng
1038 4188 1053 4247 l
1070 4185 1132 4250 but
1145 4186 1316 4254 malvaseti
1338 4192 1390 4256 6d.

236 4273 283 4336 Et
298 4269 475 4335 Laurentio
491 4270 648 4358 Fowbery
662 4290 722 4355 pro
745 4269 843 4334 naulo
860 4276 897 4333 ll
916 4269 1033 4336 barells
1057 4274 1240 4338 salmonum
1264 4297 1285 4340 a
1310 4277 1390 4344 Ber·

236 4356 309 4423 rico
323 4379 428 4444 usque
450 4357 584 4422 Novum
600 4357 763 4437 Cosmum
786 4363 824 4420 ll
845 4356 997 4443 Augusti,
1018 4357 1078 4445 per
1091 4361 1250 4426 famulum
1265 4385 1389 4445 meum,

234 4445 352 4521 43731.
397 4446 460 4510 Pro
475 4444 581 4510 cimba
595 4445 680 4510 ultra
694 4464 811 4528 aquam
825 4466 901 4510 curn
923 4443 1059 4531 coriagio
1083 4448 1134 4514 ad.
1180 4450 1266 4515 Item
1281 4449 1319 4515 in
1334 4474 1390 4518 ex·

81 4570 163 4752 Ὶ
233 4531 344 4619 pensis
373 4530 495 4600 ibidem
522 4532 577 4598 431.
630 4530 677 4598 Et
706 4530 805 4598 soluti
832 4530 969 4601 'lhomae
997 4532 1116 4619 Smyth
1145 4543 1179 4601 et
1208 4536 1390 4607 Edmundo
