2880 5046
7 4432 82 4728 I

140 442 180 506 14
461 430 463 435 ’
538 452 651 501 arana
675 447 854 500 naastan

180 612 361 678 Exrsnsm
394 628 504 676 omos
533 628 817 676 consacrroann
844 609 1145 674 senonum—Et
1170 610 1206 674 in
1237 632 1295 678 ex-

135 700 246 787 pensis
261 699 430 764 Willielmi
445 697 609 763 Bemarde
625 706 659 761 et
671 696 808 760 Roberti
824 695 923 782 Syme
937 696 971 759 in
987 696 1176 762 collectione
1192 721 1295 784 agno·

136 808 208 851 rum
225 786 429 851 decimalium
452 786 515 850 hoc
535 806 631 862 anno,
646 803 705 869 per
718 781 829 846 billam
851 782 886 847 in
902 805 1002 848 manu
1018 781 1193 848 Willielmi
1210 785 1294 852 Ber-

136 874 246 938 narde.
293 877 357 940 The
372 893 440 936 sam
456 875 626 954 inoypker.

179 961 226 1024 Et
239 960 274 1023 in
289 959 441 1046 expensis
456 957 592 1022 Roberti
607 957 706 1041 Syme
722 955 756 1019 in
771 955 960 1021 collectione
975 956 1057 1020 lanae
1073 957 1239 1023 decimalis
1255 960 1292 1026 in

136 1045 284 1111 Norbam
300 1055 333 1110 et
352 1044 557 1130 Elandshyer
574 1065 729 1108 unacum
745 1042 895 1127 expensis
912 1043 1036 1106 domini
1052 1044 1186 1109 Roberti
1201 1048 1292 1131 apud

137 1132 313 1219 Harbotyll
335 1154 408 1195 cum
435 1131 528 1195 litera
550 1128 673 1193 domini
700 1129 868 1194 willielmi
894 1129 999 1192 Euers
1020 1138 1068 1193 4⁸.
1085 1133 1137 1194 6d.
1182 1133 1229 1196 Et
1255 1133 1291 1197 in

135 1218 286 1306 expensis
303 1218 438 1282 Roberti
463 1217 648 1281 Sanderson
669 1238 743 1280 cum
767 1215 859 1281 litera
879 1215 1001 1280 domini
1017 1216 1186 1283 Willielmi
1208 1219 1291 1288 Bul-

134 1327 204 1374 mer
217 1304 331 1370 militis
347 1304 435 1390 apud
451 1302 623 1367 Harbotell
638 1309 678 1366 25
696 1301 789 1366 Junii
805 1309 851 1366 33.

178 1479 360 1547 Eranusa
378 1480 608 1546 Sunonroms
624 1499 761 1544 vaasus
777 1478 1045 1545 Encaustu-

179 1741 359 1807 Exransm
377 1741 595 1807 Curnaanrr
614 1741 712 1805 Pars
729 1758 959 1806 vamnaarus
986 1741 1160 1825 (stol-Et
1179 1743 1289 1810 eidem

135 1825 173 1900 in⁴
182 1828 279 1893 Novo
295 1828 411 1893 Castro
428 1832 480 1894 Μ.
505 1828 589 1892 Item
604 1827 708 1892 eidem
724 1831 776 1891 Μ.
822 1829 868 1892 Et
883 1828 1037 1893 eidemin
1053 1829 1150 1895 Novo
1167 1829 1288 1896 Castro

135 1913 212 1977 bina
227 1915 296 1979 vice
311 1916 363 1979 Μ.
408 1917 454 1979 Et
468 1913 573 1979 eidem
585 1915 671 1999 apud
687 1915 818 1999 Sheyle3
833 1917 886 1979 Μ.
930 1915 977 1979 Et
991 1915 1096 1980 eidem
1112 1917 1288 2002 6Augusti

136 2001 189 2065 Μ.
201 2001 235 2064 in
246 2001 281 2065 N
282 2024 344 2066 ovo
358 2002 483 2066 Castro.
511 2003 556 2065 Et
568 2002 672 2065 eidem
682 2001 786 2064 tribus
795 2001 920 2065 vicibus
935 2001 970 2064 in
987 2002 1085 2067 Novo
1102 2001 1219 2066 Castro
1232 2007 1287 2070 Μ.

135 2087 181 2151 Et
203 2087 308 2153 eidem
326 2093 365 2151 18
380 2090 464 2174 Aug.
487 2088 564 2152 bina
585 2088 655 2151 vice
676 2087 721 2151 ib.
744 2090 796 2150 Μ.
858 2089 943 2151 Item
966 2088 1054 2172 apud
1076 2088 1286 2176 Mugleswyk

133 2175 187 2238 Μ.
231 2174 277 2238 Et
292 2174 397 2239 eidem
420 2176 455 2238 in
481 2176 578 2240 Novo
603 2174 719 2238 Castro
741 2174 775 2236 in
795 2174 903 2259 vigilia
926 2174 959 2238 S.
976 2174 1208 2242 Bartholomaei
1232 2177 1286 2242 Μ.

135 2260 221 2325 Item
236 2261 322 2345 apud
340 2262 533 2347 Hartylpole
550 2264 601 2325 Μ.
647 2262 692 2325 Et
707 2260 811 2324 eidem
826 2261 860 2323 in
876 2261 972 2324 Novo
990 2260 1106 2326 Castro
1130 2271 1167 2326 15
1191 2263 1286 2349 Sept.

133 2348 187 2410 Μ.
233 2348 318 2411 Item
334 2348 386 2411 Μ.
431 2348 477 2411 Et
496 2348 600 2412 eidem
625 2356 657 2411 et
679 2346 837 2410 Nicholao
866 2347 1054 2433 Pykcrynge
1072 2355 1111 2413 18
1128 2348 1286 2415 Octobris

133 2432 168 2496 in
184 2433 281 2497 Novo
302 2432 417 2497 Castro
433 2455 492 2520 pro
508 2433 658 2520 expensis
678 2432 799 2496 ibidem
823 2434 857 2496 in
882 2434 1057 2498 cariacione
1079 2434 1175 2499 unius
1192 2436 1286 2501 cistae

134 2527 168 2584 et
186 2527 200 2582 l
217 2519 319 2584 borde
341 2518 381 2584 de
404 2542 553 2620 cypresso
580 2522 651 2585 lod.
697 2519 742 2582 Et
767 2519 872 2584 eidem
901 2520 935 2583 in
961 2520 1059 2584 Novo
1084 2521 1201 2587 Castro
1229 2526 1286 2589 Μ.

134 2605 220 2670 Item
245 2608 295 2670 sd.
319 2605 470 2672 Amenco
496 2607 623 2672 Dande.
667 2607 713 2670 Et
736 2605 840 2671 eidem
866 2614 907 2670 23
924 2606 1121 2672 Novembris
1137 2611 1190 2673 Μ.
1236 2611 1286 2674 Et

132 2691 238 2757 eidem
252 2692 287 2757 in
309 2692 434 2758 Cestria
455 2715 514 2779 pro
530 2693 681 2778 expensis
696 2693 883 2758 tenentibus
907 2691 946 2758 de
963 2694 1122 2760 Heworth
1138 2697 1190 2759 sd.
1236 2696 1286 2761 Et

131 2777 237 2843 eidem
252 2786 271 2843 3
289 2780 340 2843 die
354 2780 551 2846 Novembris
566 2781 601 2842 in
616 2780 713 2844 Novo
730 2779 847 2844 Castro
862 2782 916 2844 Μ.
960 2780 1007 2842 at
1028 2781 1133 2845 eidem
1156 2789 1195 2844 12
1212 2783 1285 2848 De-

131 2864 268 2930 cembris
283 2867 318 2930 in
333 2867 431 2932 Novo
447 2867 563 2932 Castro
579 2869 631 2930 ad.
669 2866 715 2929 Et
730 2866 834 2931 eidem
855 2873 892 2930 15
910 2864 1076 2929 Februarii
1090 2866 1213 2933 ibidem
1228 2872 1285 2934 Μ.

129 2951 176 3016 Et
190 2951 295 3017 eidem
310 2953 397 3038 apud
413 2953 589 3018 Hebbarne
605 2974 664 3038 pro
680 2954 830 3038 expensis
843 2954 895 3017 6d.

172 3039 219 3102 Et
233 3045 253 3103 3
266 3040 405 3124 Augusti
421 3040 549 3105 duobus
563 3040 736 3105 veredariis
752 3041 792 3104 de
808 3037 994 3124 Beuerpark
1009 3041 1096 3124 apud
1117 3039 1283 3110 Castriam

128 3146 188 3209 pro
204 3125 393 3209 dogdraves‚
408 3127 441 3190 in
466 3126 616 3212 expensis
638 3128 690 3190 Μ.
736 3127 782 3190 Et
796 3148 897 3210 puero
914 3125 1031 3189 stabuli
1041 3127 1128 3211 apud
1141 3128 1280 3195 Novum

130 3209 283 3274 Castrum
306 3233 365 3296 pro
390 3213 496 3297 granis
512 3217 564 3278 Μ.
609 3215 655 3278 Et
678 3212 837 3276 eisdcm2
861 3211 1057 3277 Novembris
1080 3213 1202 3278 ibidem
1217 3238 1282 3300 pro

128 3305 168 3359 21
186 3297 314 3361 barellis
330 3298 464 3363 allecum
480 3299 625 3364 alborum
650 3301 702 3364 sd.
727 3307 760 3362 et
784 3319 844 3382 pro
868 3298 1096 3363 emendacione
1115 3310 1135 3363 2
1151 3299 1281 3368 barells

127 3403 187 3468 per
213 3383 415 3449 Clementem
442 3386 519 3450 Hall
549 3390 597 3451 ld.
642 3386 687 3449 Et
713 3384 747 3448 in
774 3384 924 3468 expensis
948 3385 1083 3450 Thomee
1115 3387 1218 3452 Blunt
1245 3400 1282 3454 et

126 3469 261 3535 Thomae
277 3472 355 3536 Raw
370 3493 489 3558 couper
504 3475 590 3558 apud
606 3471 775 3558 Gatyshed
788 3472 931 3537 8d.-8s.
949 3472 999 3537 Μ.

169 3643 350 3710 Exrarrsm
376 3647 518 3710 Taomm
546 3647 733 3712 Ynonxnn
758 3646 1084 3710 uxamam—Et
1110 3647 1216 3712 eidem
1242 3651 1280 3715 in

125 3729 224 3795 Novo
240 3731 356 3796 Castro
372 3735 424 3797 Μ.
448 3733 534 3796 Item
549 3733 654 3796 eidem
671 3735 722 3795 Μ.
767 3732 812 3796 Et
827 3732 931 3796 eidem
947 3733 1032 3796 trina
1046 3733 1115 3798 vice
1130 3734 1165 3796 in
1177 3735 1279 3805 Novo

125 3816 242 3882 Castro
266 3822 317 3884 Μ.
363 3821 409 3883 Et
431 3820 536 3882 eidem
560 3819 675 3883 8Julii
701 3818 778 3881 bina
803 3820 873 3883 vice
897 3820 948 3883 Μ.
994 3820 1040 3882 Et
1062 3820 1168 3884 eidem
1184 3825 1278 3906 apud

126 3904 257 3990 Sheyle3
275 3909 327 3970 Μ.
373 3906 418 3969 Et
433 3905 537 3969 eidem
553 3905 637 3967 trina
658 3905 728 3969 vice
751 3905 785 3968 in
809 3906 907 3969 Novo
924 3904 1039 3968 Castro
1056 3908 1107 3969 Μ.
1133 3916 1167 3969 et
1187 3912 1280 3992 apud

125 3991 257 4077 Sheyle3
272 3996 324 4056 Μ.
361 3993 407 4055 Et
422 3992 526 4056 eidem
542 3991 645 4055 tribus
660 3991 785 4056 vicibus
801 3993 835 4054 in
851 3992 947 4055 Novo
964 3991 1080 4055 Castro
1097 3999 1116 4054 2
1132 3995 1279 4079 Augusti

125 4079 177 4141 ed.
222 4079 267 4142 Et
277 4079 354 4143 bina
368 4079 438 4143 vice
454 4077 575 4141 ibidem
586 4080 639 4141 Μ.
677 4078 722 4142 Et
737 4078 841 4142 eidem
856 4080 942 4162 apud
959 4078 1153 4163 Hartylpole
1168 4081 1277 4148 tribus

124 4163 248 4228 vicibus
269 4167 339 4228 ΙΜ.
384 4165 430 4228 Et
451 4164 556 4228 eidem
571 4164 647 4227 bina
662 4187 741 4229 voce
756 4166 790 4227 in
805 4166 903 4228 Novo
920 4164 1036 4228 Castro
1050 4165 1084 4228 in
1106 4165 1158 4229 die
1173 4167 1278 4233 Exal-

124 4250 260 4315 tacionis
277 4251 403 4315 Sanctae
420 4250 533 4315 Crucis
549 4253 602 4315 od.
647 4251 692 4313 Et
707 4252 811 4314 eidem
831 4251 865 4313 in
881 4252 978 4315 Novo
996 4250 1111 4315 Castro
1127 4255 1181 4316 Μ.
1228 4255 1277 4321 Et

123 4336 228 4402 eidem
247 4338 282 4400 in
298 4337 395 4401 Novo
413 4338 528 4400 Castro
552 4340 603 4401 Μ.
649 4337 695 4400 Et
715 4337 820 4401 eidem
844 4345 884 4400 23
901 4338 1098 4401 Novembris
1121 4339 1155 4402 in
1172 4340 1275 4408 Novo

124 4421 240 4487 Castro
257 4424 309 4486 Μ.
353 4423 399 4486 Et
419 4423 523 4487 eidem
543 4433 556 4485 l
576 4423 741 4488 Februarii
756 4424 842 4509 apud
859 4423 990 4510 Sheyle3
1004 4426 1057 4489 Μ.
1102 4426 1148 4489 Et
1163 4426 1273 4494 eidem

121 4509 209 4597 apud
230 4507 425 4600 Hartylprde
441 4509 566 4579 duabus
581 4510 706 4578 vicibus
726 4513 780 4580 Μ.
824 4511 871 4578 Et
895 4510 1001 4577 eidem
1023 4512 1110 4598 apud
1134 4512 1288 4602 Hartyl·'
