2880 5046
207 460 251 522 62
631 470 744 519 urens
768 466 945 518 3333333

207 629 297 694 laum
320 628 496 694 Newsham
521 628 564 692 ed
590 633 750 694 8s.—64⁸.
794 626 842 693 Et
865 647 925 712 pro
950 621 1137 711 portacione
1158 624 1210 699 73.
1254 621 1302 687 Et
1328 619 1365 686 in

208 715 358 801 expensis
374 717 426 780 33.
472 715 518 779 Et
528 716 562 778 in
578 723 597 779 3
614 738 668 800 qu.
684 711 1364 800 31313113ἱ1)133311)3311)33333(183.-243.

252 803 298 868 Et
322 803 357 867 in
384 810 474 887 6qu.
502 803 621 887 emptis
648 824 705 887 per
727 802 887 866 'I’homam
912 798 1084 884 Horesley,
1107 796 1193 862 ldie
1217 795 1311 876 Maii,
1328 796 1363 859 in

207 889 307 954 Novo
323 889 453 968 Castro,
477 889 517 952 ad
542 893 703 954 83.-483.
718 897 751 952 31
765 909 825 973 pro
840 885 1027 973 portacione
1042 887 1095 951 53.
1111 885 1192 950 etin
1208 881 1363 968 expensis

208 976 261 1042 23.
278 999 336 1062 per
350 977 383 1041 J.
401 974 659 1061 Greynsweyrde
676 974 807 1038 ibidem.

251 1063 297 1126 Et
311 1063 345 1126 in
368 1069 410 1126 32
426 1084 479 1147 qu.
496 1060 579 1126 ordii
603 1061 736 1125 brasiati
755 1059 873 1146 emptis
896 1080 954 1144 per
971 1058 1168 1123 Nicholaum
1183 1058 1363 1123 Newsbom

207 1148 248 1213 de
264 1149 408 1214 Roberto
423 1149 555 1234 Greyne
570 1149 610 1211 de
625 1148 790 1234 Norwyeh
814 1148 855 1212 ad
871 1149 918 1222 73.
934 1147 1096 1210 63.-121.
1142 1145 1283 1213 Quietus
1303 1165 1363 1229 per

205 1236 366 1302 famulum
389 1234 551 1300 Johennis
574 1235 661 1300 Well
681 1244 715 1299 et
738 1234 933 1300 Nicholaum
958 1232 1145 1298 Newsham.
1190 1232 1277 1296 Item
1301 1251 1361 1315 pro

207 1323 371 1408 expensis,
381 1322 443 1387 viz.
457 1321 643 1407 ci-,yrkgage
659 1328 718 1402 23,
729 1342 935 1407 messurayge
951 1322 1016 1399 83,
1027 1319 1183 1404 plangage
1198 1320 1362 1402 4d.,port-

206 1431 265 1494 ege
282 1417 328 1474 23.
344 1411 407 1488 ed„
422 1419 455 1472 et
469 1412 504 1471 in
519 1408 659 1493 regendis
675 1410 739 1488 43,
754 1431 791 1472 33
802 1407 836 1471 13
852 1406 1002 1492 expensis
1018 1405 1170 1470 Nicholoi
1184 1405 1361 1469 Newshem

205 1494 328 1562 ibidem
358 1516 416 1580 per
442 1500 484 1569 31
508 1495 576 1559 (1133
600 1500 645 1558 23.
662 1496 806 1559 63.-83.
823 1496 875 1559 63.
919 1495 966 1557 Et
989 1492 1088 1557 soluti
1112 1491 1258 1557 Johauni
1283 1490 1362 1555 Hall

207 1584 294 1647 ultra
318 1581 525 1646 condiciones
549 1603 606 1666 per
627 1581 786 1646 famulum
801 1587 871 1659 303,
886 1580 1062 1646 Newsham
1079 1579 1361 1664 praesente,—l3l.

209 1674 277 1733 183.
294 1671 346 1744 73.
650 1676 654 1684 “

250 1755 297 1817 Et
310 1755 345 1818 in
361 1760 400 1818 35
419 1776 473 1841 qu.
489 1753 571 1819 ordii
585 1754 684 1820 brasii
706 1755 824 1840 emptis
848 1776 906 1841 per
930 1754 954 1820 J
956 1755 1117 1818 ohannem
1134 1752 1220 1818 Wall
1237 1751 1277 1817 (13
1288 1751 1362 1816 Du·

205 1842 315 1905 nelmo
331 1841 372 1905 ed
388 1848 434 1905 83.
452 1841 612 1906 ort-151.
628 1850 675 1907 33.
691 1844 744 1907 43.
789 1842 835 1907 Et
848 1842 882 1906 in
897 1848 960 1918 201
974 1864 1028 1926 (13.
1045 1839 1150 1905 21133.
1172 1840 1256 1904 ordii
1271 1859 1362 1924 emp-

205 1928 249 1992 tis
271 1949 330 2012 per
351 1927 475 1992 dictum
496 1927 683 1994 Johannem
708 1928 749 1994 ed
775 1935 822 1994 83.
848 1929 1058 2015 93113-91.
1076 1929 1148 1992 193.
1193 1927 1239 1990 Et
1264 1923 1364 1990 soluti

206 2014 421 2100 portitoribus
448 2016 536 2082 Novi
553 2015 660 2081 Cestri
685 2038 745 2102 per
769 2016 928 2082 famulum
954 2037 1064 2080 meum
1090 2036 1149 2098 pro
1173 2011 1363 2098 portacione

207 2108 272 2177 201
285 2109 372 2187 (13.2
388 2101 462 2168 bus.
478 2102 561 2167 ordii
574 2103 672 2168 brasii
688 2105 761 2171 223.
808 2104 853 2169 Ε1
878 2125 938 2189 pro
965 2123 1093 2168 mesura
1119 2102 1171 2164 53.
1188 2109 1221 2164 31
1246 2100 1282 2163 13
1307 2120 1364 2165 ex·

204 2189 317 2275 pensis
329 2211 388 2275 per
402 2190 559 2255 famulum
570 2213 679 2255 meum
694 2191 838 2255 43-23.
854 2192 906 2266 73.

252 2275 296 2340 Et
311 2276 345 2339 in
360 2283 404 2340 40
419 2299 473 2362 qu.
495 2277 576 2341 ordii
602 2277 733 2341 bresieti
759 2276 877 2360 emptis
899 2296 958 2359 per
973 2271 1168 2337 Nicholeum
1184 2270 1367 2338 Newsham

206 2362 247 2426 de
262 2363 285 2426 J
286 2363 413 2426 ohanne
429 2360 1041 2439 11131113333313ο,3133.33.-171.
1059 2363 1125 2421 103.
1136 2355 1234 2420 soluti
1243 2355 1365 2440 eidem,

207 2449 227 2524 7
242 2448 384 2531 Augusti
399 2469 485 2510 enno
505 2454 598 2526 1532,
610 2458 643 2510 31
658 2447 895 2531 (1313133-411.
913 2447 980 2522 173.
996 2446 1048 2509 63.

251 2532 296 2598 Et
310 2534 345 2595 in
365 2541 402 2595 16
419 2555 471 2617 (13.
488 2533 569 2596 ordii
584 2534 702 2618 emptis
719 2533 758 2596 de
770 2531 915 2597 Roberto
928 2531 1060 2618 Greyne
1075 2532 1115 2597 de
1126 2529 1310 2617 Norwyohe
1320 2532 1364 2596 ad

206 2620 344 2694 93.-71.
356 2625 404 2682 43.
451 2617 590 2685 Quietus
605 2640 663 2703 per
677 2618 875 2684 Nicholaum
890 2619 1077 2685 Newsham.

251 2703 296 2770 Et
315 2704 350 2768 in
365 2704 516 2789 expensis
532 2726 590 2790 per
604 2706 762 2770 famulum
777 2728 888 2772 meum
903 2707 990 2792 opud
1005 2704 1285 2792 Hemyngburghe
1300 2722 1362 2793 pro

204 2790 376 2874 empcione
394 2790 476 2854 ordii
492 2797 539 2856 23.
555 2792 608 2858 63.

251 2877 297 2941 Et
311 2878 345 2941 in
362 2884 381 2941 8
397 2900 450 2963 (13.
466 2886 486 2941 2
502 2878 576 2943 bus
593 2879 675 2944 ordii
689 2880 809 2966 emptis
836 2882 922 2966 apud
950 2879 1145 2965 Hartylpule
1164 2901 1223 2964 per
1237 2879 1363 2944 Nicho-

204 2963 293 3031 lcum
309 2965 486 3031 Newsham
501 2965 542 3030 ad
558 2974 604 3032 93.
620 2967 895 3116 431313-773.
913 2970 964 3033 83.
983 2967 1359 3053 [314383131311333]

205 3049 295 3117 Ε113
310 3053 461 3137 expensis
479 3054 529 3119 83.
545 3052 677 3119 ibidem.
754 3063 769 3118 t
782 3055 818 3118 in
834 3062 853 3119 8
869 3078 923 3141 (13.
939 3055 1022 3120 ordii
1036 3052 1168 3118 bresiati
1183 3054 1302 3137 emptis
1324 3053 1362 3117 in

205 3138 304 3204 Novo
318 3139 434 3202 Castro
449 3140 493 3202 41.
511 3147 577 3205 103.
591 3142 643 3205 83.
690 3139 733 3203 Et
747 3163 807 3226 pro
827 3142 1015 3227 portacione
1041 3143 1094 3205 83.
1139 3140 1180 3203 13
1207 3139 1362 3224 expensis

204 3226 259 3291 43.
305 3223 351 3287 Et
365 3224 400 3288 in
415 3232 455 3289 23
473 3247 527 3310 (13.
543 3226 661 3312 emptis
678 3225 718 3291 de
738 3227 761 3292 J
763 3227 889 3292 ohanne
904 3228 992 3294 Woll
1007 3227 1048 3292 ed
1064 3228 1198 3291 83.-91.
1214 3226 1266 3290 43.

251 3397 484 3464 Sonuororuns
501 3418 571 3463 ruo
597 3420 776 3465 enumero
801 3400 1109 3466 cannosum-Et
1128 3399 1273 3465 Johanni
1289 3401 1363 3487 Dy-

206 3484 331 3550 chande
346 3494 380 3549 et
394 3483 498 3548 tribus
515 3485 610 3551 sociis
633 3510 694 3572 pro
721 3487 856 3573 oariagio
882 3510 1056 3573 granorum
1083 3511 1101 3551 3
1128 3485 1225 3552 Novo
1242 3486 1360 3552 Castro

205 3579 254 3636 43.
268 3573 320 3636 23.
364 3571 411 3634 Et
427 3571 524 3636 soluti
539 3573 715 3639 Willielmo
731 3575 754 3638 J
756 3596 859 3638 onson
875 3598 934 3660 pro
946 3574 1082 3660 coriagio
1096 3579 1138 3649 11
1148 3597 1202 3659 (13.
1215 3595 1326 3640 avenoe
1342 3598 1362 3639 a

207 3658 426 3744 Byllyngham
443 3659 495 3723 93.
541 3659 586 3723 Et
601 3660 706 3724 eidem
720 3682 780 3746 pro
798 3667 838 3736 11
853 3685 906 3747 (13.
923 3683 1034 3727 avence
1049 3671 1082 3726 et
1094 3667 1134 3737 11
1149 3684 1202 3746 (13.
1212 3661 1362 3744 pisorum

206 3753 240 3808 et
254 3744 400 3808 fabarum
419 3747 490 3810 183.
535 3746 581 3810 Et
596 3748 700 3811 eidem
715 3769 775 3832 pro
793 3756 808 3813 1
828 3772 881 3834 qu.
901 3748 1058 3827 fabarum,
1074 3755 1116 3811 26
1131 3747 1289 3826 Januarii,
1306 3751 1360 3812 63.

205 3832 252 3896 Ε1
270 3832 385 3909 eidem,
403 3832 421 3907 7
438 3831 565 3911 Marcii,
581 3855 639 3918 pro
656 3840 698 3910 21
719 3857 773 3919 (13.
798 3836 954 3900 frumenti
970 3837 1043 3899 153.
1087 3836 1133 3898 Et
1148 3835 1252 3898 eidem
1274 3833 1361 3898 Wil-

203 3915 313 3982 lielmo
336 3940 395 4002 pro
418 3919 554 4003 coriagio
583 3928 598 3982 l
628 3943 681 4005 qu.
708 3921 853 4008 siliginis,
882 3929 920 3998 11
942 3944 996 4006 qu.
1022 3921 1178 4006 pisorum,
1198 3923 1268 3985 153.
1314 3920 1363 3984 Et

205 4002 311 4068 eidem
322 4027 382 4090 pro
397 4005 574 4069 Willielmo
590 4005 696 4072 Jekell
718 4032 776 4094 pro
792 4009 929 4094 oariagio
950 4016 966 4072 1
984 4031 1038 4093 (13.
1054 4008 1188 4092 siliginis
1216 4009 1268 4071 63.
1313 4007 1362 4072 Ε1

205 4090 311 4154 eidem
336 4090 512 4156 willielmo
538 4114 597 4177 pro
631 4101 650 4157 2
675 4118 728 4181 (13.
752 4097 898 4180 pisorum
921 4105 955 4160 et
979 4094 1125 4159 fabarum
1148 4094 1286 4173 33313113,
1317 4095 1362 4158 ad

207 4177 378 4240 63.-123.
425 4176 470 4240 Et
481 4178 579 4243 soluti
593 4182 727 4246 Thomae
744 4183 914 4267 Chepmen
936 4203 995 4267 per
1009 4181 1119 4245 billem
1138 4203 1197 4267 pro
1221 4181 1362 4265 cariagio

205 4284 389 4345 granorum,
401 4264 462 4329 viz.
482 4267 540 4348 181
556 4289 609 4352 (13.
625 4270 665 4332 ad
686 4271 852 4334 63.-103.
877 4271 929 4334 63.
955 4271 1039 4346 (sic.)
1087 4266 1132 4331 Et
1160 4289 1217 4353 per
1246 4267 1361 4333 billum

204 4347 314 4415 ballivi
329 4371 388 4436 pro
404 4352 539 4438 coriagio
553 4377 727 4441 granorum
743 4354 829 4439 apud
847 4355 986 4441 Coupon
1002 4363 1049 4421 53.
1076 4363 1109 4418 et
1135 4376 1195 4440 pro
1220 4354 1362 4446 coriagio

84 4598 221 4736 q
308 4533 312 4544 .
