2880 5046
323 463 508 511 accudere
533 463 796 512 nuunnunusrs
823 449 960 510 1531-2.
1155 453 1215 511 118

55 626 127 682 012
152 617 367 699 salmonibus,
388 619 430 683 ad
458 616 762 697 1011-211-50
777 620 829 682 61.
877 619 909 701 [1
922 639 1050 705 seayme
1080 617 1215 684 sabbato

55 723 91 768 an
106 725 207 770 mar.

100 790 146 857 Et
161 727 202 856 dd
209 705 369 857 iohanne
385 791 588 879 Swynburne
602 801 624 855 4
640 793 801 856 salmones
816 800 964 857 recentes
977 798 1024 856 40.

100 877 147 943 Et
161 899 220 978 pro
237 878 373 962 cariagio
389 880 542 964 predictae
557 879 588 944 le
604 879 658 944 dd.
677 879 749 942 101.

57 1047 85 1112 C
100 963 147 1028 Et
160 986 194 1028 1n
209 975 229 1029 2
247 964 446 1031 salmonibus
461 966 580 1052 emptis
595 987 653 1051 per
662 964 858 1030 Nicholaum
871 965 1061 1051 Pykeryngc
1072 963 1106 1028 in
1116 964 1213 1029 Novo

87 1059 174 1115 astro
191 1054 265 1116 231.

99 1137 147 1201 Et
159 1136 194 1202 in
212 1145 228 1202 1
247 1137 391 1203 salmone
406 1149 518 1224 empto
532 1160 592 1224 per
606 1138 819 1204 Willielmum
837 1139 911 1203 Cuk
930 1139 1001 1203 lod.

99 1222 147 1287 Et
170 1223 206 1288 in
230 1230 250 1289 6
275 1223 474 1289 salmonibus
496 1226 615 1311 emptis
641 1247 699 1309 per
715 1225 893 1309 Georgium
908 1225 1030 1310 Teype,
1044 1224 1079 1286 in
1105 1223 1213 1308 vigilia

56 1307 170 1374 Sancti
183 1310 318 1376 'l'homee
332 1310 486 1396 Apostoli
500 1322 575 1377 ante
590 1313 718 1390 Natale,
734 1311 775 1375 ad
792 1313 957 1374 121-60.

100 1395 157 1475 Ε1,
172 1396 288 1461 eodem
309 1397 373 1475 die,
389 1398 430 1462 de
444 1397 467 1462 J
469 1397 596 1462 ohanne
613 1398 826 1483 Swynburne,
842 1403 861 1459 8
878 1397 1051 1475 salmones,
1076 1401 1120 1459 80.
1167 1394 1213 1459 Ε1

53 1501 116 1566 pro
132 1481 268 1568 cariagio
283 1504 342 1566 per
352 1483 529 1568 Georgium
544 1485 665 1570 Teype,
683 1485 755 1548 lod.

99 1567 147 1632 Et
170 1568 212 1633 de
237 1569 390 1634 Johanne
414 1568 628 1656 Swynburne,
642 1592 700 1654 per
716 1569 892 1654 Georgium
908 1569 1030 1654 Teype‚
1046 1575 1087 1632 29
1108 1567 1213 1634 Janu·

55 1652 124 1732 arii,
142 1658 182 1718 12
198 1654 358 1720 salmones
373 1665 530 1736 recentes,
548 1663 615 1721 120.
638 1655 778 1724 Quietus
793 1656 828 1719 in
843 1656 937 1720 tertia
949 1657 1033 1719 linea
1046 1663 1212 1738 sequente.

56 1739 156 1804 Unde
180 1740 278 1805 soluti
304 1740 409 1806 eidem
436 1742 578 1827 Georgio
605 1764 664 1827 pro
689 1742 865 1807 cariacione
884 1741 1030 1826 ejusdem
1048 1743 1121 1805 101.
1166 1740 1213 1803 Et

54 1824 131 1976 {elisi
144 1826 266 1892 famulo
277 1827 438 1892 Johannis
454 1829 668 1915 Swynbume,
682 1850 740 1913 per
755 1829 876 1893 dictum
894 1828 1083 1914 Georgium,
1099 1826 1213 1892 eodem

81 1911 121 1992 'e,
138 1919 206 1978 129.

101 1999 147 2064 Et
161 1999 259 2065 soluti
273 2000 395 2064 famulo
410 2000 434 2065 J
435 2001 572 2065 ohannis
596 2001 809 2087 Swynbume,
824 2023 882 2085 per
899 2000 1075 2084 Georgium
1090 2000 1213 2085 Teype,

58 2091 97 2149 ll
116 2085 292 2166 Februarii,
306 2107 366 2171 pro
383 2092 402 2149 2
419 2108 548 2172 seayme
563 2096 596 2151 et
625 2095 636 2149 l
667 2089 861 2163 salmonum,
877 2087 918 2149 ad
946 2092 1124 2150 120.-250.
1170 2087 1215 2147 Ε1

55 2171 162 2237 eidem
180 2173 333 2258 Georgio,
348 2194 408 2258 pro
424 2173 560 2258 cariagio
576 2173 722 2258 ejusdem
737 2183 757 2236 2
775 2194 915 2257 seayme,
932 2173 1005 2236 201.
1022 2171 1137 2234 eodem
1150 2171 1214 2250 die,

56 2268 90 2324 et
127 2258 246 2325 uictus.

101 2281 743 2432 111,101101000οὶ1,οὶ10000000010310
761 2353 776 2410 1
796 2366 924 2431 seayme
941 2344 1124 2408 salmonum
1141 2344 1215 2407 101.

103 2431 212 2516 [Feria
236 2441 328 2498 sexta
355 2442 431 2499 ante
454 2433 593 2520 primam
623 2433 819 2498 dominicam
850 2430 1128 2517 quadragesime..
1173 2430 1215 2492 In

57 2540 161 2585 mor.

101 2542 151 2671 Ei
163 2520 205 2671 10
217 2606 334 2672 Marcii
349 2607 464 2687 eidem,
476 2629 536 2693 pro
552 2606 687 2693 cariagio
704 2613 723 2670 8
740 2606 1041 2670 salmonum-lod.

102 2691 149 2758 Et
163 2693 262 2758 soluti
278 2693 419 2778 Georgio
434 2694 545 2780 Teype
560 2715 620 2779 pro
643 2693 819 2759 cariacione
842 2699 857 2754 1
877 2713 1005 2777 seayme
1021 2690 1215 2767 salmonum,

56 2778 137 2845 feria
163 2780 305 2845 secunda
329 2789 407 2865 post
431 2780 627 2845 dominicam
655 2780 851 2857 Palmarum,
870 2781 942 2842 101.
987 2776 1033 2839 Et
1047 2775 1164 2854 eidem,
1180 2775 1216 2837 in

57 2865 111 2930 die
125 2887 327 2951 parasceues,
343 2887 402 2951 pro
418 2867 554 2951 cariagio
570 2874 611 2931 10
627 2865 821 2941 salmonum,
839 2865 910 2927 101.
956 2863 1002 2925 Ε1
1016 2862 1126 2959 eidem·
1137 2861 1216 2924 feria

56 2946 1215 3123 {¹660biberimustfssatittsstmatttdissjdftz

60 3125 97 3209 [6
114 3145 244 3211 seayme
260 3131 323 3189 et8
341 3125 514 3190 salmones.
561 3123 602 3188 In
613 3123 779 3207 margine]

102 3211 148 3276 Et
162 3211 278 3290 eidem,
295 3217 337 3275 10
353 3210 486 3295 Aprilis,
502 3232 561 3297 pro
573 3211 708 3295 cariagio
728 3217 742 3272 l.
761 3228 889 3292 seayme
905 3205 1099 3282 salmonum,
1112 3205 1182 3266 101.

102 3297 148 3361 Ε1
162 3297 278 3375 eidem,
293 3304 331 3362 18
347 3298 479 3382 Aprilis,
495 3320 554 3383 pro
570 3296 705 3381 cariagio
724 3303 739 3358 l
758 3315 886 3378 seayme
902 3293 1095 3369 salmonum,
1115 3289 1185 3354 101.

101 3384 149 3447 Ε1
162 3383 186 3448 J
187 3384 307 3448 ohanni
320 3384 533 3468 Swynburne,
548 3406 606 3468 per
623 3382 800 3466 Georgium
816 3381 936 3465 Teype,
951 3378 986 3441 in
1000 3377 1085 3441 festo
1096 3376 1217 3440 Inven-

56 3468 161 3535 cionis
178 3479 297 3535 sanctie
314 3470 438 3549 Crucis,
454 3492 513 3554 pro
528 3477 571 3546 41
581 3469 633 3534 dd.
651 3469 833 3532 salmonum
856 3476 930 3529 ante
947 3463 1070 3528 Pascha
1090 3462 1130 3526 ad
1150 3471 1216 3527 120.

59 3555 168 3638 (560),
184 3565 217 3620 01
242 3564 263 3619 4
291 3576 401 3642 seaym
426 3557 611 3622 salmonum
623 3557 663 3620 ad
680 3559 726 3618 80.
745 3555 851 3637 (320),
866 3561 943 3636 post
958 3550 1092 3627 Pascha,
1108 3550 1150 3611 41.
1168 3555 1215 3612 80.

57 3642 146 3706 Item
161 3650 251 3727 patet
266 3662 363 3726 supra
378 3664 437 3727 pro
453 3644 538 3708 tdd.
557 3652 571 3707 1
591 3642 773 3706 salmonum
788 3647 858 3703 490.

110 3727 173 3897 [ΕΞ
193 3749 253 3812 pro
280 3728 416 3814 cariagio
434 3736 473 3793 12
491 3729 545 3794 dd.
562 3736 592 3793 9.
609 3728 791 3792 salmonum
817 3725 857 3787 ad
886 3725 1071 3787 101-100.
1092 3719 1217 3783 101.Ιο

55 3834 158 3896 marg.

102 3900 150 3964 ut
174 3899 280 3965 eidem
297 3900 438 3986 Georgio
464 3923 523 3986 pro
551 3908 570 3965 6
595 3898 793 3965 salmonibus
809 3895 1003 3972 recentibus,
1026 3890 1144 3976 emptis
1159 3910 1217 3974 per

57 4008 136 4052 eum
151 3992 199 4052 40.
215 3988 267 4050 61.
314 3988 377 4051 Pro
393 3987 530 4070 cariagio
546 3989 599 4050 41.

103 4072 160 4152 Ε1,
177 4081 195 4135 5
220 4072 313 4151 Maii,
330 4073 427 4136 soluti
444 4072 585 4157 Georgio
607 4071 729 4155 Teype,
744 4092 804 4154 pro
831 4078 846 4133 1
878 4085 1006 4151 seayme
1022 4063 1217 4139 salmonum,

58 4179 135 4223 cum
151 4157 299 4243 cariagiO‚
316 4165 362 4222 80.
376 4160 426 4221 21.
473 4158 607 4222 Summa
620 4157 728 4220 lateris
745 4158 787 4220 91.
806 4163 872 4218 110.
892 4153 964 4216 101.

104 4243 241 4310 Summa
255 4245 423 4328 utriusque
438 4244 547 4309 lateris
565 4247 629 4308 231.
646 4247 692 4318 70.
708 4246 761 4307 31.

105 4329 166 4413 [Et
195 4330 338 4415 Georgio
367 4331 488 4416 Teype,
518 4352 558 4397 ex
582 4339 706 4410 mutuo,
732 4336 774 4393 20
801 4324 1005 4404 Decembris,
1029 4329 1075 4389 30.
1100 4324 1153 4388 41.
1175 4325 1217 4388 In

56 4417 224 4502 margine]

900 4521 912 4565 1
