<?xml version="1.0" encoding="UTF-8"?>
<!DOCTYPE html PUBLIC "-//W3C//DTD XHTML 1.0 Transitional//EN"
    "http://www.w3.org/TR/xhtml1/DTD/xhtml1-transitional.dtd">
<html xmlns="http://www.w3.org/1999/xhtml" xml:lang="en" lang="en">
 <head>
  <title>
</title>
<meta http-equiv="Content-Type" content="text/html;charset=utf-8" />
  <meta name='ocr-system' content='tesseract 3.04.00' />
  <meta name='ocr-capabilities' content='ocr_page ocr_carea ocr_par ocr_line ocrx_word'/>
</head>
<body>
  <div class='ocr_page' id='page_1' title='image "./durhamhousehold00cathgoog/durhamhousehold00cathgoog_0066.png"; bbox 0 0 2880 5046; ppageno 0'>
   <div class='ocr_carea' id='block_1_1' title="bbox 333 469 1237 533">
    <p class='ocr_par' dir='ltr' id='par_1_1' title="bbox 333 469 1237 533">
     <span class='ocr_line' id='line_1_1' title="bbox 333 469 1237 533; baseline 0.003 -6"><span class='ocrx_word' id='word_1_1' title='bbox 333 481 516 528; x_wconf 78' lang='grc'><strong>55555555</strong></span> <span class='ocrx_word' id='word_1_2' title='bbox 540 479 806 530; x_wconf 73' lang='grc'><strong>5555555555</strong></span> <span class='ocrx_word' id='word_1_3' title='bbox 831 469 969 532; x_wconf 86' lang='grc'><strong>1531-2.</strong></span> <span class='ocrx_word' id='word_1_4' title='bbox 1186 472 1237 533; x_wconf 83' lang='grc'><strong>40.</strong></span> 
     </span>
    </p>
   </div>
   <div class='ocr_carea' id='block_1_2' title="bbox 75 635 1230 1157">
    <p class='ocr_par' dir='ltr' id='par_1_2' title="bbox 75 635 1230 1157">
     <span class='ocr_line' id='line_1_2' title="bbox 86 635 1230 726; baseline 0.007 -27"><span class='ocrx_word' id='word_1_5' title='bbox 86 674 89 682; x_wconf 78' lang='lat'>=</span> <span class='ocrx_word' id='word_1_6' title='bbox 122 635 221 700; x_wconf 85' lang='lat' dir='ltr'>Unde</span> <span class='ocrx_word' id='word_1_7' title='bbox 247 635 345 702; x_wconf 90' lang='lat' dir='ltr'><strong>soluti</strong></span> <span class='ocrx_word' id='word_1_8' title='bbox 370 658 429 722; x_wconf 91' lang='lat' dir='ltr'><strong>per</strong></span> <span class='ocrx_word' id='word_1_9' title='bbox 454 637 631 723; x_wconf 82' lang='lat' dir='ltr'><strong>Georgium</strong></span> <span class='ocrx_word' id='word_1_10' title='bbox 655 639 799 704; x_wconf 91' lang='lat' dir='ltr'><strong>Heddon</strong></span> <span class='ocrx_word' id='word_1_11' title='bbox 819 639 936 704; x_wconf 88' lang='lat' dir='ltr'><strong>iterum</strong></span> <span class='ocrx_word' id='word_1_12' title='bbox 952 641 991 706; x_wconf 90' lang='lat' dir='ltr'><strong>de</strong></span> <span class='ocrx_word' id='word_1_13' title='bbox 1014 662 1141 706; x_wconf 90' lang='lat' dir='ltr'><strong>summa</strong></span> <span class='ocrx_word' id='word_1_14' title='bbox 1154 662 1230 726; x_wconf 90' lang='lat' dir='ltr'><strong>pre·</strong></span> 
     </span>
     <span class='ocr_line' id='line_1_3' title="bbox 77 721 1229 814; baseline 0.006 -28"><span class='ocrx_word' id='word_1_15' title='bbox 77 721 174 802; x_wconf 89' lang='lat' dir='ltr'><strong>diota,</strong></span> <span class='ocrx_word' id='word_1_16' title='bbox 189 723 224 787; x_wconf 90' lang='lat' dir='ltr'><strong>in</strong></span> <span class='ocrx_word' id='word_1_17' title='bbox 245 722 297 787; x_wconf 90' lang='lat' dir='ltr'><strong>die</strong></span> <span class='ocrx_word' id='word_1_18' title='bbox 311 724 516 805; x_wconf 87' lang='lat' dir='ltr'><strong>Animarum,</strong></span> <span class='ocrx_word' id='word_1_19' title='bbox 539 725 574 789; x_wconf 89' lang='lat' dir='ltr'><strong>in</strong></span> <span class='ocrx_word' id='word_1_20' title='bbox 589 747 667 790; x_wconf 91' lang='lat' dir='ltr'><strong>auro</strong></span> <span class='ocrx_word' id='word_1_21' title='bbox 684 729 726 791; x_wconf 90' lang='grc'><strong>51.</strong></span> <span class='ocrx_word' id='word_1_22' title='bbox 773 726 911 792; x_wconf 75' lang='lat' dir='ltr'><strong>Quietus</strong></span> <span class='ocrx_word' id='word_1_23' title='bbox 926 727 961 791; x_wconf 91' lang='lat' dir='ltr'><strong>in</strong></span> <span class='ocrx_word' id='word_1_24' title='bbox 976 737 1128 814; x_wconf 85' lang='lat' dir='ltr'><strong>compoto</strong></span> <span class='ocrx_word' id='word_1_25' title='bbox 1143 728 1229 795; x_wconf 88' lang='lat' dir='ltr'><strong>inter</strong></span> 
     </span>
     <span class='ocr_line' id='line_1_4' title="bbox 76 831 1229 987; baseline 0.008 -28"><span class='ocrx_word' id='word_1_26' title='bbox 76 831 165 960; x_wconf 66' lang='grc' dir='ltr'><strong>ῃ0111</strong></span> <span class='ocrx_word' id='word_1_27' title='bbox 176 859 351 961; x_wconf 82' lang='lat' dir='ltr'>deliberavi</span> <span class='ocrx_word' id='word_1_28' title='bbox 364 896 511 982; x_wconf 85' lang='lat' dir='ltr'><strong>predicto</strong></span> <span class='ocrx_word' id='word_1_29' title='bbox 528 898 669 984; x_wconf 84' lang='lat' dir='ltr'><strong>Georgio</strong></span> <span class='ocrx_word' id='word_1_30' title='bbox 689 908 732 964; x_wconf 99' lang='grc'><strong>24</strong></span> <span class='ocrx_word' id='word_1_31' title='bbox 748 899 944 966; x_wconf 87' lang='lat' dir='ltr'><strong>Novembris</strong></span> <span class='ocrx_word' id='word_1_32' title='bbox 959 901 993 965; x_wconf 90' lang='lat' dir='ltr'><strong>in</strong></span> <span class='ocrx_word' id='word_1_33' title='bbox 1009 902 1146 987; x_wconf 87' lang='lat' dir='ltr'><strong>pecunia</strong></span> <span class='ocrx_word' id='word_1_34' title='bbox 1163 905 1229 968; x_wconf 97' lang='grc'><strong>151.</strong></span> 
     </span>
     <span class='ocr_line' id='line_1_5' title="bbox 75 982 1229 1073; baseline 0.007 -26"><span class='ocrx_word' id='word_1_35' title='bbox 75 991 109 1047; x_wconf 89' lang='grc'><strong>51</strong></span> <span class='ocrx_word' id='word_1_36' title='bbox 130 982 165 1045; x_wconf 85' lang='grc'><strong>15</strong></span> <span class='ocrx_word' id='word_1_37' title='bbox 180 1005 258 1047; x_wconf 91' lang='lat' dir='ltr'><strong>auro</strong></span> <span class='ocrx_word' id='word_1_38' title='bbox 283 991 351 1048; x_wconf 93' lang='grc'><strong>205.</strong></span> <span class='ocrx_word' id='word_1_39' title='bbox 397 985 532 1050; x_wconf 85' lang='lat' dir='ltr'><strong>Summa</strong></span> <span class='ocrx_word' id='word_1_40' title='bbox 545 989 608 1050; x_wconf 90' lang='grc'><strong>161.</strong></span> <span class='ocrx_word' id='word_1_41' title='bbox 653 987 767 1051; x_wconf 84' lang='lat' dir='ltr'><strong>Soluta</strong></span> <span class='ocrx_word' id='word_1_42' title='bbox 792 996 826 1053; x_wconf 88' lang='lat' dir='ltr'><strong>et</strong></span> <span class='ocrx_word' id='word_1_43' title='bbox 848 988 977 1073; x_wconf 88' lang='lat' dir='ltr'><strong>quietus</strong></span> <span class='ocrx_word' id='word_1_44' title='bbox 998 989 1033 1053; x_wconf 91' lang='lat' dir='ltr'><strong>in</strong></span> <span class='ocrx_word' id='word_1_45' title='bbox 1054 989 1229 1056; x_wconf 76' lang='lat' dir='ltr'><strong>liberatura</strong></span> 
     </span>
     <span class='ocr_line' id='line_1_6' title="bbox 76 1069 719 1157; baseline 0.006 -23"><span class='ocrx_word' id='word_1_46' title='bbox 76 1071 96 1146; x_wconf 83' lang='lat'><em>7</em></span> <span class='ocrx_word' id='word_1_47' title='bbox 111 1069 303 1134; x_wconf 85' lang='lat' dir='ltr'><strong>Decembris</strong></span> <span class='ocrx_word' id='word_1_48' title='bbox 318 1092 404 1135; x_wconf 91' lang='lat' dir='ltr'><strong>anno</strong></span> <span class='ocrx_word' id='word_1_49' title='bbox 423 1079 516 1151; x_wconf 87' lang='lat'>1531,</span> <span class='ocrx_word' id='word_1_50' title='bbox 532 1082 565 1138; x_wconf 92' lang='lat' dir='ltr'><strong>et</strong></span> <span class='ocrx_word' id='word_1_51' title='bbox 580 1072 719 1157; x_wconf 89' lang='lat' dir='ltr'><strong>quietus.</strong></span> 
     </span>
    </p>
   </div>
   <div class='ocr_carea' id='block_1_3' title="bbox 119 1244 525 1312">
    <p class='ocr_par' dir='ltr' id='par_1_3' title="bbox 119 1244 525 1312">
     <span class='ocr_line' id='line_1_7' title="bbox 119 1244 525 1312; baseline 0.002 -4"><span class='ocrx_word' id='word_1_52' title='bbox 119 1244 265 1311; x_wconf 77' lang='lat' dir='ltr'><strong>Eurum</strong></span> <span class='ocrx_word' id='word_1_53' title='bbox 283 1262 525 1312; x_wconf 76' lang='grc'><strong>5555555.-</strong></span> 
     </span>
    </p>
   </div>
   <div class='ocr_carea' id='block_1_4' title="bbox 121 1593 699 1688">
    <p class='ocr_par' dir='ltr' id='par_1_4' title="bbox 121 1593 699 1688">
     <span class='ocr_line' id='line_1_8' title="bbox 121 1593 699 1688; baseline 0.003 -28"><span class='ocrx_word' id='word_1_54' title='bbox 121 1593 283 1662; x_wconf 80' lang='lat' dir='ltr'><strong>Souucro</strong></span> <span class='ocrx_word' id='word_1_55' title='bbox 300 1615 699 1688; x_wconf 60' lang='lat' dir='ltr'><strong>unbauranamma.—</strong></span> 
     </span>
    </p>
   </div>
   <div class='ocr_carea' id='block_1_5' title="bbox 71 1940 1230 3824">
    <p class='ocr_par' dir='ltr' id='par_1_5' title="bbox 73 1940 1230 2976">
     <span class='ocr_line' id='line_1_9' title="bbox 118 1940 1229 2027; baseline 0 -22"><span class='ocrx_word' id='word_1_56' title='bbox 118 1940 264 2006; x_wconf 80' lang='lat' dir='ltr'><strong>Euroro</strong></span> <span class='ocrx_word' id='word_1_57' title='bbox 280 1942 528 2007; x_wconf 77' lang='lat' dir='ltr'><strong>v1N1.-Etin</strong></span> <span class='ocrx_word' id='word_1_58' title='bbox 544 1949 564 2006; x_wconf 94' lang='grc'><strong>2</strong></span> <span class='ocrx_word' id='word_1_59' title='bbox 579 1942 780 2027; x_wconf 85' lang='lat' dir='ltr'><strong>hogeshedes</strong></span> <span class='ocrx_word' id='word_1_60' title='bbox 795 1940 863 2006; x_wconf 92' lang='lat' dir='ltr'><strong>vini</strong></span> <span class='ocrx_word' id='word_1_61' title='bbox 878 1941 963 2006; x_wconf 89' lang='lat' dir='ltr'><strong>rubii</strong></span> <span class='ocrx_word' id='word_1_62' title='bbox 978 1950 1012 2006; x_wconf 88' lang='lat' dir='ltr'><strong>et</strong></span> <span class='ocrx_word' id='word_1_63' title='bbox 1028 1949 1044 2005; x_wconf 95' lang='lat'>1</span> <span class='ocrx_word' id='word_1_64' title='bbox 1061 1941 1229 2026; x_wconf 83' lang='lat' dir='ltr'><strong>hogeshed</strong></span> 
     </span>
     <span class='ocr_line' id='line_1_10' title="bbox 73 2026 1228 2112; baseline 0.001 -21"><span class='ocrx_word' id='word_1_65' title='bbox 73 2026 144 2091; x_wconf 87' lang='lat' dir='ltr'><strong>vini</strong></span> <span class='ocrx_word' id='word_1_66' title='bbox 159 2027 268 2092; x_wconf 83' lang='lat' dir='ltr'><strong>clareti</strong></span> <span class='ocrx_word' id='word_1_67' title='bbox 283 2028 401 2112; x_wconf 89' lang='lat' dir='ltr'><strong>emptis</strong></span> <span class='ocrx_word' id='word_1_68' title='bbox 417 2028 457 2093; x_wconf 90' lang='lat' dir='ltr'><strong>de</strong></span> <span class='ocrx_word' id='word_1_69' title='bbox 472 2030 626 2112; x_wconf 87' lang='lat' dir='ltr'><strong>magistro</strong></span> <span class='ocrx_word' id='word_1_70' title='bbox 642 2028 793 2107; x_wconf 89' lang='lat' dir='ltr'><strong>Lawson,</strong></span> <span class='ocrx_word' id='word_1_71' title='bbox 808 2051 865 2112; x_wconf 91' lang='lat' dir='ltr'><strong>per</strong></span> <span class='ocrx_word' id='word_1_72' title='bbox 879 2028 902 2093; x_wconf 86' lang='lat' dir='ltr'><strong>J</strong></span> <span class='ocrx_word' id='word_1_73' title='bbox 904 2030 1066 2092; x_wconf 90' lang='lat' dir='ltr'><strong>ohannem</strong></span> <span class='ocrx_word' id='word_1_74' title='bbox 1088 2029 1228 2112; x_wconf 86' lang='lat' dir='ltr'><strong>Bukley,</strong></span> 
     </span>
     <span class='ocr_line' id='line_1_11' title="bbox 73 2112 1229 2198; baseline 0 -21"><span class='ocrx_word' id='word_1_75' title='bbox 73 2112 288 2178; x_wconf 69' lang='grc'><strong>511405-61,</strong></span> <span class='ocrx_word' id='word_1_76' title='bbox 333 2113 432 2178; x_wconf 89' lang='lat' dir='ltr'><strong>Unde</strong></span> <span class='ocrx_word' id='word_1_77' title='bbox 444 2115 542 2178; x_wconf 86' lang='lat' dir='ltr'><strong>soluti</strong></span> <span class='ocrx_word' id='word_1_78' title='bbox 553 2115 657 2178; x_wconf 91' lang='lat' dir='ltr'><strong>eidem</strong></span> <span class='ocrx_word' id='word_1_79' title='bbox 666 2136 725 2198; x_wconf 90' lang='lat' dir='ltr'><strong>per</strong></span> <span class='ocrx_word' id='word_1_80' title='bbox 739 2115 896 2177; x_wconf 89' lang='lat' dir='ltr'><strong>famulum</strong></span> <span class='ocrx_word' id='word_1_81' title='bbox 912 2135 1033 2190; x_wconf 87' lang='lat' dir='ltr'><strong>meum,</strong></span> <span class='ocrx_word' id='word_1_82' title='bbox 1049 2121 1086 2176; x_wconf 91' lang='grc'><strong>12</strong></span> <span class='ocrx_word' id='word_1_83' title='bbox 1104 2113 1229 2178; x_wconf 87' lang='lat' dir='ltr'><strong>Febru-</strong></span> 
     </span>
     <span class='ocr_line' id='line_1_12' title="bbox 73 2199 1227 2286; baseline -0.002 -22"><span class='ocrx_word' id='word_1_84' title='bbox 73 2199 142 2279; x_wconf 86' lang='lat' dir='ltr'><strong>arii,</strong></span> <span class='ocrx_word' id='word_1_85' title='bbox 162 2209 200 2264; x_wconf 90' lang='lat' dir='ltr'><strong>ut</strong></span> <span class='ocrx_word' id='word_1_86' title='bbox 213 2209 305 2285; x_wconf 86' lang='lat' dir='ltr'><strong>patet</strong></span> <span class='ocrx_word' id='word_1_87' title='bbox 329 2223 388 2286; x_wconf 92' lang='lat' dir='ltr'><strong>per</strong></span> <span class='ocrx_word' id='word_1_88' title='bbox 401 2201 522 2282; x_wconf 91' lang='lat' dir='ltr'><strong>billam,</strong></span> <span class='ocrx_word' id='word_1_89' title='bbox 543 2210 577 2264; x_wconf 84' lang='lat' dir='ltr'><strong>et</strong></span> <span class='ocrx_word' id='word_1_90' title='bbox 592 2201 730 2286; x_wconf 89' lang='lat' dir='ltr'><strong>quietus.</strong></span> <span class='ocrx_word' id='word_1_91' title='bbox 776 2200 822 2264; x_wconf 86' lang='lat' dir='ltr'><strong>Et</strong></span> <span class='ocrx_word' id='word_1_92' title='bbox 847 2201 887 2264; x_wconf 92' lang='lat' dir='ltr'><strong>de</strong></span> <span class='ocrx_word' id='word_1_93' title='bbox 909 2200 1036 2263; x_wconf 87' lang='lat' dir='ltr'><strong>Thema</strong></span> <span class='ocrx_word' id='word_1_94' title='bbox 1050 2199 1179 2263; x_wconf 84' lang='lat' dir='ltr'><strong>Jonson</strong></span> <span class='ocrx_word' id='word_1_95' title='bbox 1206 2207 1227 2262; x_wconf 83' lang='lat'><strong>3</strong></span> 
     </span>
     <span class='ocr_line' id='line_1_13' title="bbox 73 2286 1226 2372; baseline 0 -22"><span class='ocrx_word' id='word_1_96' title='bbox 73 2288 257 2371; x_wconf 88' lang='lat' dir='ltr'><strong>hogesheds</strong></span> <span class='ocrx_word' id='word_1_97' title='bbox 272 2287 339 2352; x_wconf 89' lang='lat' dir='ltr'><strong>vini</strong></span> <span class='ocrx_word' id='word_1_98' title='bbox 363 2290 490 2353; x_wconf 94' lang='grc'><strong>51.155.</strong></span> <span class='ocrx_word' id='word_1_99' title='bbox 536 2287 581 2352; x_wconf 86' lang='lat' dir='ltr'><strong>Et</strong></span> <span class='ocrx_word' id='word_1_100' title='bbox 604 2287 732 2372; x_wconf 90' lang='lat' dir='ltr'><strong>quietus</strong></span> <span class='ocrx_word' id='word_1_101' title='bbox 756 2287 790 2350; x_wconf 94' lang='lat' dir='ltr'><strong>in</strong></span> <span class='ocrx_word' id='word_1_102' title='bbox 814 2295 967 2371; x_wconf 87' lang='lat' dir='ltr'><strong>compoto</strong></span> <span class='ocrx_word' id='word_1_103' title='bbox 990 2286 1075 2350; x_wconf 91' lang='lat' dir='ltr'><strong>inter</strong></span> <span class='ocrx_word' id='word_1_104' title='bbox 1098 2307 1170 2363; x_wconf 83' lang='lat' dir='ltr'><strong>nos,</strong></span> <span class='ocrx_word' id='word_1_105' title='bbox 1187 2293 1226 2350; x_wconf 96' lang='grc'><strong>21</strong></span> 
     </span>
     <span class='ocr_line' id='line_1_14' title="bbox 75 2371 1230 2457; baseline -0.002 -19"><span class='ocrx_word' id='word_1_106' title='bbox 75 2373 168 2452; x_wconf 85' lang='grc' dir='ltr'><strong>Μ511,</strong></span> <span class='ocrx_word' id='word_1_107' title='bbox 191 2381 389 2439; x_wconf 90' lang='grc'><strong>55501532.</strong></span> <span class='ocrx_word' id='word_1_108' title='bbox 435 2375 481 2439; x_wconf 86' lang='grc' dir='ltr'><strong>Ε1</strong></span> <span class='ocrx_word' id='word_1_109' title='bbox 496 2374 536 2438; x_wconf 86' lang='grc'><strong>(15</strong></span> <span class='ocrx_word' id='word_1_110' title='bbox 551 2375 678 2438; x_wconf 87' lang='lat' dir='ltr'><strong>Thoma</strong></span> <span class='ocrx_word' id='word_1_111' title='bbox 694 2373 788 2440; x_wconf 82' lang='lat' dir='ltr'><strong>Potts</strong></span> <span class='ocrx_word' id='word_1_112' title='bbox 811 2381 830 2436; x_wconf 89' lang='lat'><strong>3</strong></span> <span class='ocrx_word' id='word_1_113' title='bbox 847 2373 1029 2457; x_wconf 88' lang='lat' dir='ltr'><strong>hogesheds</strong></span> <span class='ocrx_word' id='word_1_114' title='bbox 1052 2371 1119 2436; x_wconf 89' lang='lat' dir='ltr'><strong>vini</strong></span> <span class='ocrx_word' id='word_1_115' title='bbox 1143 2371 1230 2436; x_wconf 91' lang='lat' dir='ltr'><strong>rubii</strong></span> 
     </span>
     <span class='ocr_line' id='line_1_15' title="bbox 75 2459 1228 2547; baseline 0 -23"><span class='ocrx_word' id='word_1_116' title='bbox 75 2463 117 2524; x_wconf 93' lang='grc'><strong>51.</strong></span> <span class='ocrx_word' id='word_1_117' title='bbox 134 2463 245 2526; x_wconf 75' lang='grc'><strong>65811.</strong></span> <span class='ocrx_word' id='word_1_118' title='bbox 291 2461 429 2527; x_wconf 75' lang='lat' dir='ltr'><strong>Quietus</strong></span> <span class='ocrx_word' id='word_1_119' title='bbox 456 2484 514 2547; x_wconf 87' lang='lat' dir='ltr'><strong>per</strong></span> <span class='ocrx_word' id='word_1_120' title='bbox 537 2461 734 2526; x_wconf 88' lang='lat' dir='ltr'><strong>Nioholaum</strong></span> <span class='ocrx_word' id='word_1_121' title='bbox 755 2461 941 2538; x_wconf 88' lang='lat' dir='ltr'><strong>Newsham‚</strong></span> <span class='ocrx_word' id='word_1_122' title='bbox 958 2466 977 2523; x_wconf 91' lang='grc'><strong>8</strong></span> <span class='ocrx_word' id='word_1_123' title='bbox 992 2459 1114 2544; x_wconf 88' lang='lat' dir='ltr'><strong>Aprilis</strong></span> <span class='ocrx_word' id='word_1_124' title='bbox 1141 2481 1228 2524; x_wconf 91' lang='lat' dir='ltr'><strong>anno</strong></span> 
     </span>
     <span class='ocr_line' id='line_1_16' title="bbox 77 2546 1230 2633; baseline -0.003 -22"><span class='ocrx_word' id='word_1_125' title='bbox 77 2553 172 2611; x_wconf 89' lang='grc'><strong>1531.</strong></span> <span class='ocrx_word' id='word_1_126' title='bbox 218 2549 281 2612; x_wconf 91' lang='lat' dir='ltr'><strong>Pro</strong></span> <span class='ocrx_word' id='word_1_127' title='bbox 306 2548 494 2632; x_wconf 87' lang='lat' dir='ltr'><strong>portacione</strong></span> <span class='ocrx_word' id='word_1_128' title='bbox 517 2548 664 2633; x_wconf 90' lang='lat' dir='ltr'><strong>ejusdem</strong></span> <span class='ocrx_word' id='word_1_129' title='bbox 687 2548 743 2613; x_wconf 89' lang='lat' dir='ltr'><strong>nil.</strong></span> <span class='ocrx_word' id='word_1_130' title='bbox 789 2549 834 2611; x_wconf 84' lang='lat' dir='ltr'><strong>Et</strong></span> <span class='ocrx_word' id='word_1_131' title='bbox 860 2548 900 2612; x_wconf 90' lang='lat' dir='ltr'><strong>de</strong></span> <span class='ocrx_word' id='word_1_132' title='bbox 930 2546 1075 2610; x_wconf 87' lang='lat' dir='ltr'><strong>Roberto</strong></span> <span class='ocrx_word' id='word_1_133' title='bbox 1102 2546 1230 2609; x_wconf 89' lang='lat' dir='ltr'><strong>Brand-</strong></span> 
     </span>
     <span class='ocr_line' id='line_1_17' title="bbox 74 2633 1229 2718; baseline 0.001 -22"><span class='ocrx_word' id='word_1_134' title='bbox 74 2633 171 2718; x_wconf 83' lang='lat' dir='ltr'><strong>lynge</strong></span> <span class='ocrx_word' id='word_1_135' title='bbox 201 2643 221 2697; x_wconf 89' lang='grc'><strong>3</strong></span> <span class='ocrx_word' id='word_1_136' title='bbox 246 2635 447 2718; x_wconf 85' lang='lat' dir='ltr'><strong>hogeshedes</strong></span> <span class='ocrx_word' id='word_1_137' title='bbox 476 2636 545 2700; x_wconf 87' lang='lat' dir='ltr'><strong>vini</strong></span> <span class='ocrx_word' id='word_1_138' title='bbox 574 2639 616 2700; x_wconf 93' lang='grc'><strong>61.</strong></span> <span class='ocrx_word' id='word_1_139' title='bbox 662 2635 708 2698; x_wconf 85' lang='lat' dir='ltr'><strong>Et</strong></span> <span class='ocrx_word' id='word_1_140' title='bbox 734 2635 773 2698; x_wconf 92' lang='lat' dir='ltr'><strong>de</strong></span> <span class='ocrx_word' id='word_1_141' title='bbox 800 2634 925 2712; x_wconf 89' lang='lat' dir='ltr'><strong>eodem,</strong></span> <span class='ocrx_word' id='word_1_142' title='bbox 954 2655 1012 2718; x_wconf 89' lang='lat' dir='ltr'><strong>per</strong></span> <span class='ocrx_word' id='word_1_143' title='bbox 1041 2633 1229 2698; x_wconf 88' lang='lat' dir='ltr'><strong>Johannem</strong></span> 
     </span>
     <span class='ocr_line' id='line_1_18' title="bbox 75 2719 1227 2806; baseline 0 -23"><span class='ocrx_word' id='word_1_144' title='bbox 75 2719 215 2806; x_wconf 86' lang='lat' dir='ltr'><strong>Bukley,</strong></span> <span class='ocrx_word' id='word_1_145' title='bbox 230 2728 251 2784; x_wconf 90' lang='grc'><strong>4</strong></span> <span class='ocrx_word' id='word_1_146' title='bbox 266 2721 448 2806; x_wconf 86' lang='lat' dir='ltr'><strong>hogesheds</strong></span> <span class='ocrx_word' id='word_1_147' title='bbox 470 2721 539 2786; x_wconf 84' lang='lat' dir='ltr'><strong>vini</strong></span> <span class='ocrx_word' id='word_1_148' title='bbox 560 2721 646 2785; x_wconf 90' lang='lat' dir='ltr'><strong>rubii</strong></span> <span class='ocrx_word' id='word_1_149' title='bbox 666 2730 700 2785; x_wconf 90' lang='lat' dir='ltr'><strong>et</strong></span> <span class='ocrx_word' id='word_1_150' title='bbox 723 2721 843 2798; x_wconf 89' lang='lat' dir='ltr'><strong>clareti,</strong></span> <span class='ocrx_word' id='word_1_151' title='bbox 867 2720 909 2783; x_wconf 87' lang='lat' dir='ltr'><strong>ad</strong></span> <span class='ocrx_word' id='word_1_152' title='bbox 924 2723 1081 2784; x_wconf 88' lang='grc'><strong>405.-81.</strong></span> <span class='ocrx_word' id='word_1_153' title='bbox 1126 2721 1173 2783; x_wconf 87' lang='lat' dir='ltr'><strong>Et</strong></span> <span class='ocrx_word' id='word_1_154' title='bbox 1187 2720 1227 2784; x_wconf 93' lang='lat' dir='ltr'><strong>de</strong></span> 
     </span>
     <span class='ocr_line' id='line_1_19' title="bbox 73 2805 1228 2976; baseline -0.003 -20"><span class='ocrx_word' id='word_1_155' title='bbox 73 2805 1228 2976; x_wconf 68' lang='grc'><strong>5551555555515555555</strong></span> 
     </span>
    </p>

    <p class='ocr_par' dir='ltr' id='par_1_6' title="bbox 71 2918 1228 3583">
     <span class='ocr_line' id='line_1_20' title="bbox 421 2937 1046 2969; baseline -0.002 1"><span class='ocrx_word' id='word_1_156' title='bbox 421 2941 429 2958; x_wconf 91' lang='lat'><strong>·</strong></span> <span class='ocrx_word' id='word_1_157' title='bbox 1036 2937 1046 2969; x_wconf 73' lang='lat' dir='ltr'><strong>s</strong></span> 
     </span>
     <span class='ocr_line' id='line_1_21' title="bbox 72 2918 1228 3064; baseline -0.003 -20"><span class='ocrx_word' id='word_1_158' title='bbox 72 2918 410 3063; x_wconf 69' lang='grc'><strong>555550515155015151,</strong></span> <span class='ocrx_word' id='word_1_159' title='bbox 427 2982 468 3042; x_wconf 88' lang='grc'><strong>81.</strong></span> <span class='ocrx_word' id='word_1_160' title='bbox 485 2989 519 3043; x_wconf 89' lang='grc'><strong>51</strong></span> <span class='ocrx_word' id='word_1_161' title='bbox 534 2980 672 3064; x_wconf 88' lang='lat' dir='ltr'><strong>quietus.</strong></span> <span class='ocrx_word' id='word_1_162' title='bbox 717 2980 762 3041; x_wconf 89' lang='lat' dir='ltr'><strong>Et</strong></span> <span class='ocrx_word' id='word_1_163' title='bbox 778 2979 818 3040; x_wconf 90' lang='lat' dir='ltr'><strong>de</strong></span> <span class='ocrx_word' id='word_1_164' title='bbox 838 2978 861 3041; x_wconf 83' lang='grc'><strong>1</strong></span> <span class='ocrx_word' id='word_1_165' title='bbox 863 2979 990 3040; x_wconf 88' lang='lat' dir='ltr'><strong>ohanne</strong></span> <span class='ocrx_word' id='word_1_166' title='bbox 1006 2976 1191 3050; x_wconf 85' lang='lat' dir='ltr'><strong>Sanderson</strong></span> <span class='ocrx_word' id='word_1_167' title='bbox 1206 2983 1228 3040; x_wconf 90' lang='lat'>4</span> 
     </span>
     <span class='ocr_line' id='line_1_22' title="bbox 71 3061 1227 3148; baseline 0 -20"><span class='ocrx_word' id='word_1_168' title='bbox 71 3063 241 3148; x_wconf 85' lang='lat' dir='ltr'><strong>hogeshed</strong></span> <span class='ocrx_word' id='word_1_169' title='bbox 265 3065 333 3128; x_wconf 89' lang='lat' dir='ltr'><strong>vini</strong></span> <span class='ocrx_word' id='word_1_170' title='bbox 359 3068 401 3140; x_wconf 93' lang='grc'><strong>71.</strong></span> <span class='ocrx_word' id='word_1_171' title='bbox 420 3067 551 3129; x_wconf 68' lang='grc'><strong>135411.</strong></span> <span class='ocrx_word' id='word_1_172' title='bbox 597 3065 695 3129; x_wconf 90' lang='lat' dir='ltr'><strong>Unde</strong></span> <span class='ocrx_word' id='word_1_173' title='bbox 711 3063 809 3127; x_wconf 88' lang='lat' dir='ltr'><strong>soluti</strong></span> <span class='ocrx_word' id='word_1_174' title='bbox 824 3063 929 3126; x_wconf 92' lang='lat' dir='ltr'><strong>eidem</strong></span> <span class='ocrx_word' id='word_1_175' title='bbox 951 3062 986 3125; x_wconf 90' lang='lat' dir='ltr'><strong>in</strong></span> <span class='ocrx_word' id='word_1_176' title='bbox 1009 3061 1133 3126; x_wconf 89' lang='lat' dir='ltr'><strong>decima</strong></span> <span class='ocrx_word' id='word_1_177' title='bbox 1157 3069 1227 3128; x_wconf 90' lang='grc'><strong>305.</strong></span> 
     </span>
     <span class='ocr_line' id='line_1_23' title="bbox 72 3148 1226 3236; baseline -0.002 -20"><span class='ocrx_word' id='word_1_178' title='bbox 72 3159 107 3216; x_wconf 87' lang='grc'><strong>51</strong></span> <span class='ocrx_word' id='word_1_179' title='bbox 122 3151 157 3214; x_wconf 86' lang='grc'><strong>15</strong></span> <span class='ocrx_word' id='word_1_180' title='bbox 166 3149 304 3235; x_wconf 88' lang='lat' dir='ltr'><strong>pecunia</strong></span> <span class='ocrx_word' id='word_1_181' title='bbox 318 3151 405 3236; x_wconf 93' lang='lat' dir='ltr'><strong>apud</strong></span> <span class='ocrx_word' id='word_1_182' title='bbox 417 3151 550 3217; x_wconf 88' lang='lat' dir='ltr'><strong>Yarrow</strong></span> <span class='ocrx_word' id='word_1_183' title='bbox 561 3153 603 3215; x_wconf 92' lang='grc'><strong>61.</strong></span> <span class='ocrx_word' id='word_1_184' title='bbox 616 3158 663 3214; x_wconf 89' lang='grc'><strong>35.</strong></span> <span class='ocrx_word' id='word_1_185' title='bbox 673 3152 726 3214; x_wconf 73' lang='lat' dir='ltr'><strong>ud.</strong></span> <span class='ocrx_word' id='word_1_186' title='bbox 771 3151 817 3213; x_wconf 86' lang='lat' dir='ltr'><strong>Et</strong></span> <span class='ocrx_word' id='word_1_187' title='bbox 832 3149 872 3212; x_wconf 93' lang='lat' dir='ltr'><strong>de</strong></span> <span class='ocrx_word' id='word_1_188' title='bbox 887 3148 1040 3232; x_wconf 85' lang='lat' dir='ltr'><strong>magistro</strong></span> <span class='ocrx_word' id='word_1_189' title='bbox 1050 3148 1189 3212; x_wconf 88' lang='lat' dir='ltr'><strong>Lawson</strong></span> <span class='ocrx_word' id='word_1_190' title='bbox 1205 3157 1226 3214; x_wconf 90' lang='grc'><strong>4</strong></span> 
     </span>
     <span class='ocr_line' id='line_1_24' title="bbox 71 3233 1227 3324; baseline 0.001 -24"><span class='ocrx_word' id='word_1_191' title='bbox 71 3237 276 3322; x_wconf 87' lang='lat' dir='ltr'><strong>hogeshedes</strong></span> <span class='ocrx_word' id='word_1_192' title='bbox 291 3236 359 3301; x_wconf 89' lang='lat' dir='ltr'><strong>vini</strong></span> <span class='ocrx_word' id='word_1_193' title='bbox 374 3237 492 3324; x_wconf 90' lang='lat' dir='ltr'><strong>emptis</strong></span> <span class='ocrx_word' id='word_1_194' title='bbox 507 3260 565 3324; x_wconf 87' lang='lat' dir='ltr'><strong>per</strong></span> <span class='ocrx_word' id='word_1_195' title='bbox 579 3237 602 3302; x_wconf 84' lang='lat' dir='ltr'>J</span> <span class='ocrx_word' id='word_1_196' title='bbox 604 3239 766 3302; x_wconf 89' lang='lat' dir='ltr'><strong>ohannem</strong></span> <span class='ocrx_word' id='word_1_197' title='bbox 781 3236 910 3320; x_wconf 85' lang='lat' dir='ltr'><strong>Buidey</strong></span> <span class='ocrx_word' id='word_1_198' title='bbox 926 3237 967 3299; x_wconf 88' lang='grc'><strong>81.</strong></span> <span class='ocrx_word' id='word_1_199' title='bbox 1014 3233 1153 3302; x_wconf 76' lang='lat' dir='ltr'><strong>Quietus</strong></span> <span class='ocrx_word' id='word_1_200' title='bbox 1169 3258 1227 3320; x_wconf 87' lang='lat' dir='ltr'><strong>per</strong></span> 
     </span>
     <span class='ocr_line' id='line_1_25' title="bbox 72 3322 1227 3411; baseline 0 -23"><span class='ocrx_word' id='word_1_201' title='bbox 72 3324 244 3402; x_wconf 86' lang='lat' dir='ltr'><strong>famulum,</strong></span> <span class='ocrx_word' id='word_1_202' title='bbox 259 3332 297 3388; x_wconf 91' lang='grc'><strong>51</strong></span> <span class='ocrx_word' id='word_1_203' title='bbox 311 3334 402 3411; x_wconf 87' lang='lat' dir='ltr'><strong>patet</strong></span> <span class='ocrx_word' id='word_1_204' title='bbox 415 3347 474 3410; x_wconf 91' lang='lat' dir='ltr'><strong>per</strong></span> <span class='ocrx_word' id='word_1_205' title='bbox 493 3325 756 3410; x_wconf 81' lang='lat' dir='ltr'><strong>acquietaneiam.</strong></span> <span class='ocrx_word' id='word_1_206' title='bbox 801 3323 847 3386; x_wconf 87' lang='lat' dir='ltr'><strong>Et</strong></span> <span class='ocrx_word' id='word_1_207' title='bbox 861 3323 896 3387; x_wconf 91' lang='lat' dir='ltr'><strong>in</strong></span> <span class='ocrx_word' id='word_1_208' title='bbox 918 3332 938 3385; x_wconf 94' lang='grc'><strong>2</strong></span> <span class='ocrx_word' id='word_1_209' title='bbox 959 3322 1142 3406; x_wconf 86' lang='lat' dir='ltr'><strong>hogesheds</strong></span> <span class='ocrx_word' id='word_1_210' title='bbox 1158 3322 1227 3388; x_wconf 89' lang='lat' dir='ltr'><strong>vini</strong></span> 
     </span>
     <span class='ocr_line' id='line_1_26' title="bbox 72 3409 1226 3497; baseline 0.001 -23"><span class='ocrx_word' id='word_1_211' title='bbox 72 3411 193 3496; x_wconf 88' lang='lat' dir='ltr'><strong>emptis</strong></span> <span class='ocrx_word' id='word_1_212' title='bbox 209 3412 249 3476; x_wconf 91' lang='lat' dir='ltr'><strong>de</strong></span> <span class='ocrx_word' id='word_1_213' title='bbox 264 3410 417 3497; x_wconf 87' lang='lat' dir='ltr'><strong>magistro</strong></span> <span class='ocrx_word' id='word_1_214' title='bbox 441 3412 618 3476; x_wconf 88' lang='lat' dir='ltr'><strong>Mathoson</strong></span> <span class='ocrx_word' id='word_1_215' title='bbox 643 3413 684 3476; x_wconf 92' lang='lat' dir='ltr'><strong>de</strong></span> <span class='ocrx_word' id='word_1_216' title='bbox 708 3410 800 3490; x_wconf 86' lang='lat' dir='ltr'><strong>Hull,</strong></span> <span class='ocrx_word' id='word_1_217' title='bbox 825 3411 866 3475; x_wconf 90' lang='lat' dir='ltr'><strong>ad</strong></span> <span class='ocrx_word' id='word_1_218' title='bbox 880 3412 1039 3475; x_wconf 90' lang='grc'><strong>405.-41.</strong></span> <span class='ocrx_word' id='word_1_219' title='bbox 1086 3409 1226 3477; x_wconf 84' lang='lat' dir='ltr'><strong>Quietus</strong></span> 
     </span>
     <span class='ocr_line' id='line_1_27' title="bbox 73 3498 863 3583; baseline -0.001 -23"><span class='ocrx_word' id='word_1_220' title='bbox 73 3498 107 3562; x_wconf 90' lang='lat' dir='ltr'><strong>in</strong></span> <span class='ocrx_word' id='word_1_221' title='bbox 124 3507 277 3583; x_wconf 87' lang='lat' dir='ltr'><strong>compoto</strong></span> <span class='ocrx_word' id='word_1_222' title='bbox 293 3507 326 3562; x_wconf 87' lang='lat' dir='ltr'><strong>et</strong></span> <span class='ocrx_word' id='word_1_223' title='bbox 341 3498 465 3563; x_wconf 86' lang='lat' dir='ltr'><strong>decima</strong></span> <span class='ocrx_word' id='word_1_224' title='bbox 479 3499 564 3563; x_wconf 87' lang='lat' dir='ltr'><strong>inter</strong></span> <span class='ocrx_word' id='word_1_225' title='bbox 579 3521 650 3577; x_wconf 91' lang='lat' dir='ltr'><strong>nos,</strong></span> <span class='ocrx_word' id='word_1_226' title='bbox 666 3520 751 3562; x_wconf 90' lang='grc'><strong>5550</strong></span> <span class='ocrx_word' id='word_1_227' title='bbox 770 3504 863 3562; x_wconf 90' lang='grc'><strong>1532.</strong></span> 
     </span>
    </p>

    <p class='ocr_par' dir='ltr' id='par_1_7' title="bbox 247 3584 1226 3824">
     <span class='ocr_line' id='line_1_28' title="bbox 247 3584 1226 3668; baseline -0.003 -19"><span class='ocrx_word' id='word_1_228' title='bbox 247 3585 382 3649; x_wconf 83' lang='lat' dir='ltr'><strong>Summa</strong></span> <span class='ocrx_word' id='word_1_229' title='bbox 406 3587 470 3651; x_wconf 87' lang='grc'><strong>661.</strong></span> <span class='ocrx_word' id='word_1_230' title='bbox 495 3593 561 3650; x_wconf 91' lang='grc'><strong>155.</strong></span> <span class='ocrx_word' id='word_1_231' title='bbox 608 3585 706 3650; x_wconf 92' lang='lat' dir='ltr'><strong>Unde</strong></span> <span class='ocrx_word' id='word_1_232' title='bbox 730 3584 960 3648; x_wconf 87' lang='lat' dir='ltr'><strong>subtrahantur</strong></span> <span class='ocrx_word' id='word_1_233' title='bbox 986 3605 1045 3668; x_wconf 90' lang='lat' dir='ltr'><strong>pro</strong></span> <span class='ocrx_word' id='word_1_234' title='bbox 1073 3592 1226 3666; x_wconf 89' lang='lat' dir='ltr'><strong>compoto</strong></span> 
     </span>
     <span class='ocr_line' id='line_1_29' title="bbox 290 3671 1225 3757; baseline -0.003 -23"><span class='ocrx_word' id='word_1_235' title='bbox 290 3672 330 3736; x_wconf 92' lang='lat' dir='ltr'><strong>de</strong></span> <span class='ocrx_word' id='word_1_236' title='bbox 357 3694 444 3737; x_wconf 92' lang='lat' dir='ltr'><strong>anno</strong></span> <span class='ocrx_word' id='word_1_237' title='bbox 466 3671 610 3757; x_wconf 83' lang='lat' dir='ltr'><strong>presenti</strong></span> <span class='ocrx_word' id='word_1_238' title='bbox 633 3675 698 3738; x_wconf 86' lang='grc'><strong>531.</strong></span> <span class='ocrx_word' id='word_1_239' title='bbox 743 3673 926 3735; x_wconf 88' lang='lat' dir='ltr'><strong>Remanent</strong></span> <span class='ocrx_word' id='word_1_240' title='bbox 947 3691 1007 3754; x_wconf 92' lang='lat' dir='ltr'><strong>pro</strong></span> <span class='ocrx_word' id='word_1_241' title='bbox 1030 3691 1116 3734; x_wconf 90' lang='lat' dir='ltr'><strong>anno</strong></span> <span class='ocrx_word' id='word_1_242' title='bbox 1141 3675 1225 3732; x_wconf 89' lang='grc'><strong>1532</strong></span> 
     </span>
     <span class='ocr_line' id='line_1_30' title="bbox 291 3761 438 3824; baseline 0.014 -2"><span class='ocrx_word' id='word_1_243' title='bbox 291 3761 438 3824; x_wconf 84' lang='grc'><strong>131155.</strong></span> 
     </span>
    </p>
   </div>
   <div class='ocr_carea' id='block_1_6' title="bbox 122 3920 1347 4018">
    <p class='ocr_par' dir='ltr' id='par_1_8' title="bbox 122 3920 1347 4018">
     <span class='ocr_line' id='line_1_31' title="bbox 122 3920 1347 4018; baseline -0.002 -24"><span class='ocrx_word' id='word_1_244' title='bbox 122 3929 145 4014; x_wconf 90' lang='grc'><strong>[.</strong></span> <span class='ocrx_word' id='word_1_245' title='bbox 163 3975 171 3994; x_wconf 91' lang='grc'><strong>.</strong></span> <span class='ocrx_word' id='word_1_246' title='bbox 188 3977 196 3994; x_wconf 96' lang='grc'><strong>.</strong></span> <span class='ocrx_word' id='word_1_247' title='bbox 212 3931 339 3995; x_wconf 79' lang='lat' dir='ltr'><strong>Thomu</strong></span> <span class='ocrx_word' id='word_1_248' title='bbox 351 3932 453 3996; x_wconf 85' lang='lat' dir='ltr'><strong>Blunt</strong></span> <span class='ocrx_word' id='word_1_249' title='bbox 463 3938 554 4018; x_wconf 84' lang='lat' dir='ltr'><strong>pr03</strong></span> <span class='ocrx_word' id='word_1_250' title='bbox 571 3931 659 3994; x_wconf 86' lang='lat' dir='ltr'><strong>ulnis</strong></span> <span class='ocrx_word' id='word_1_251' title='bbox 671 3931 852 3995; x_wconf 77' lang='lat' dir='ltr'><strong>liberaturae</strong></span> <span class='ocrx_word' id='word_1_252' title='bbox 868 3929 902 3993; x_wconf 92' lang='lat' dir='ltr'><strong>in</strong></span> <span class='ocrx_word' id='word_1_253' title='bbox 918 3928 1053 3994; x_wconf 89' lang='lat' dir='ltr'><strong>diversis</strong></span> <span class='ocrx_word' id='word_1_254' title='bbox 1069 3927 1162 3990; x_wconf 90' lang='lat' dir='ltr'><strong>annis</strong></span> <span class='ocrx_word' id='word_1_255' title='bbox 1179 3933 1226 3992; x_wconf 89' lang='grc'><strong>65.</strong></span> <span class='ocrx_word' id='word_1_256' title='bbox 1339 3920 1347 3933; x_wconf 81' lang='grc'><em>’</em></span> 
     </span>
    </p>
   </div>
   <div class='ocr_carea' id='block_1_7' title="bbox 71 4016 1224 4103">
    <p class='ocr_par' dir='ltr' id='par_1_9' title="bbox 71 4016 1224 4103">
     <span class='ocr_line' id='line_1_32' title="bbox 71 4016 1224 4103; baseline -0.002 -23"><span class='ocrx_word' id='word_1_257' title='bbox 71 4017 125 4080; x_wconf 92' lang='lat' dir='ltr'><strong>De</strong></span> <span class='ocrx_word' id='word_1_258' title='bbox 140 4016 255 4083; x_wconf 90' lang='lat' dir='ltr'><strong>eodem</strong></span> <span class='ocrx_word' id='word_1_259' title='bbox 270 4039 330 4100; x_wconf 89' lang='lat' dir='ltr'><strong>pro</strong></span> <span class='ocrx_word' id='word_1_260' title='bbox 341 4028 562 4102; x_wconf 81' lang='lat' dir='ltr'><strong>egestamento</strong></span> <span class='ocrx_word' id='word_1_261' title='bbox 574 4039 666 4101; x_wconf 88' lang='lat' dir='ltr'><strong>equae</strong></span> <span class='ocrx_word' id='word_1_262' title='bbox 677 4039 735 4103; x_wconf 89' lang='lat' dir='ltr'><strong>per</strong></span> <span class='ocrx_word' id='word_1_263' title='bbox 747 4025 765 4080; x_wconf 88' lang='lat'><strong>3</strong></span> <span class='ocrx_word' id='word_1_264' title='bbox 778 4039 881 4081; x_wconf 90' lang='lat' dir='ltr'><strong>annos</strong></span> <span class='ocrx_word' id='word_1_265' title='bbox 897 4023 961 4080; x_wconf 87' lang='lat' dir='ltr'><strong>lOs.</strong></span> <span class='ocrx_word' id='word_1_266' title='bbox 1007 4017 1048 4080; x_wconf 85' lang='lat' dir='ltr'><strong>Io</strong></span> <span class='ocrx_word' id='word_1_267' title='bbox 1059 4016 1224 4099; x_wconf 68' lang='grc'><strong>5559155]</strong></span> 
     </span>
    </p>
   </div>
   <div class='ocr_carea' id='block_1_8' title="bbox 69 4187 1226 4535">
    <p class='ocr_par' dir='ltr' id='par_1_10' title="bbox 69 4187 1226 4535">
     <span class='ocr_line' id='line_1_33' title="bbox 115 4187 1226 4275; baseline -0.002 -21"><span class='ocrx_word' id='word_1_268' title='bbox 115 4189 262 4255; x_wconf 73' lang='lat' dir='ltr'><strong>Euporo</strong></span> <span class='ocrx_word' id='word_1_269' title='bbox 279 4192 564 4260; x_wconf 74' lang='lat' dir='ltr'><strong>auronum—Et</strong></span> <span class='ocrx_word' id='word_1_270' title='bbox 583 4192 618 4254; x_wconf 91' lang='lat' dir='ltr'><strong>in</strong></span> <span class='ocrx_word' id='word_1_271' title='bbox 641 4197 655 4254; x_wconf 95' lang='lat'>1</span> <span class='ocrx_word' id='word_1_272' title='bbox 683 4211 766 4275; x_wconf 90' lang='lat' dir='ltr'><strong>equo</strong></span> <span class='ocrx_word' id='word_1_273' title='bbox 787 4199 897 4274; x_wconf 92' lang='lat' dir='ltr'><strong>empto</strong></span> <span class='ocrx_word' id='word_1_274' title='bbox 919 4189 958 4252; x_wconf 95' lang='lat' dir='ltr'><strong>de</strong></span> <span class='ocrx_word' id='word_1_275' title='bbox 975 4187 1119 4251; x_wconf 89' lang='lat' dir='ltr'><strong>Roberto</strong></span> <span class='ocrx_word' id='word_1_276' title='bbox 1136 4188 1226 4275; x_wconf 83' lang='lat' dir='ltr'><strong>Byd-</strong></span> 
     </span>
     <span class='ocr_line' id='line_1_34' title="bbox 71 4275 1225 4364; baseline 0 -24"><span class='ocrx_word' id='word_1_277' title='bbox 71 4275 140 4363; x_wconf 85' lang='lat' dir='ltr'><strong>dyk</strong></span> <span class='ocrx_word' id='word_1_278' title='bbox 157 4279 223 4353; x_wconf 91' lang='grc'><strong>175.</strong></span> <span class='ocrx_word' id='word_1_279' title='bbox 240 4279 292 4342; x_wconf 77' lang='grc'><strong>61.</strong></span> <span class='ocrx_word' id='word_1_280' title='bbox 337 4279 383 4342; x_wconf 86' lang='lat' dir='ltr'><strong>Et</strong></span> <span class='ocrx_word' id='word_1_281' title='bbox 402 4279 436 4341; x_wconf 91' lang='grc'><strong>15</strong></span> <span class='ocrx_word' id='word_1_282' title='bbox 454 4287 470 4341; x_wconf 97' lang='grc'><strong>1</strong></span> <span class='ocrx_word' id='word_1_283' title='bbox 488 4300 571 4364; x_wconf 89' lang='lat' dir='ltr'><strong>equo</strong></span> <span class='ocrx_word' id='word_1_284' title='bbox 595 4287 706 4363; x_wconf 90' lang='lat' dir='ltr'><strong>empto</strong></span> <span class='ocrx_word' id='word_1_285' title='bbox 731 4278 771 4340; x_wconf 89' lang='lat' dir='ltr'><strong>de</strong></span> <span class='ocrx_word' id='word_1_286' title='bbox 791 4275 1134 4352; x_wconf 75' lang='grc' dir='ltr'><strong>Τ110155Β15511175.</strong></span> <span class='ocrx_word' id='word_1_287' title='bbox 1179 4277 1225 4341; x_wconf 80' lang='lat' dir='ltr'><strong>Et</strong></span> 
     </span>
     <span class='ocr_line' id='line_1_35' title="bbox 70 4362 1225 4453; baseline 0.002 -27"><span class='ocrx_word' id='word_1_288' title='bbox 70 4362 107 4427; x_wconf 89' lang='lat' dir='ltr'><strong>in</strong></span> <span class='ocrx_word' id='word_1_289' title='bbox 124 4370 139 4426; x_wconf 96' lang='lat'>1</span> <span class='ocrx_word' id='word_1_290' title='bbox 157 4385 241 4450; x_wconf 91' lang='lat' dir='ltr'><strong>equo</strong></span> <span class='ocrx_word' id='word_1_291' title='bbox 257 4374 367 4450; x_wconf 90' lang='lat' dir='ltr'><strong>empto</strong></span> <span class='ocrx_word' id='word_1_292' title='bbox 384 4365 424 4430; x_wconf 90' lang='lat' dir='ltr'><strong>de</strong></span> <span class='ocrx_word' id='word_1_293' title='bbox 440 4366 550 4432; x_wconf 81' lang='lat' dir='ltr'><strong>relicta</strong></span> <span class='ocrx_word' id='word_1_294' title='bbox 565 4365 744 4453; x_wconf 83' lang='lat' dir='ltr'><strong>Kochynge</strong></span> <span class='ocrx_word' id='word_1_295' title='bbox 760 4371 828 4430; x_wconf 88' lang='grc'><strong>205.</strong></span> <span class='ocrx_word' id='word_1_296' title='bbox 873 4363 920 4428; x_wconf 86' lang='lat' dir='ltr'><strong>Et</strong></span> <span class='ocrx_word' id='word_1_297' title='bbox 933 4362 967 4426; x_wconf 93' lang='lat' dir='ltr'><strong>in</strong></span> <span class='ocrx_word' id='word_1_298' title='bbox 983 4369 998 4425; x_wconf 96' lang='lat'>1</span> <span class='ocrx_word' id='word_1_299' title='bbox 1014 4384 1096 4449; x_wconf 87' lang='lat' dir='ltr'><strong>equo</strong></span> <span class='ocrx_word' id='word_1_300' title='bbox 1113 4373 1225 4450; x_wconf 91' lang='lat' dir='ltr'><strong>empto</strong></span> 
     </span>
     <span class='ocr_line' id='line_1_36' title="bbox 69 4451 479 4535; baseline 0.015 -21"><span class='ocrx_word' id='word_1_301' title='bbox 69 4469 131 4535; x_wconf 82' lang='lat' dir='ltr'><strong>per</strong></span> <span class='ocrx_word' id='word_1_302' title='bbox 143 4451 301 4519; x_wconf 77' lang='lat' dir='ltr'><strong>famulum</strong></span> <span class='ocrx_word' id='word_1_303' title='bbox 316 4474 425 4519; x_wconf 89' lang='lat' dir='ltr'><strong>meum</strong></span> <span class='ocrx_word' id='word_1_304' title='bbox 470 4501 479 4520; x_wconf 88' lang='lat'><strong>.</strong></span> 
     </span>
    </p>
   </div>
   <div class='ocr_carea' id='block_1_9' title="bbox 1028 4557 1050 4601">
    <p class='ocr_par' dir='ltr' id='par_1_11' title="bbox 1028 4557 1050 4601">
     <span class='ocr_line' id='line_1_37' title="bbox 1028 4557 1050 4601; baseline 0 0"><span class='ocrx_word' id='word_1_305' title='bbox 1028 4557 1050 4601; x_wconf 75' lang='grc' dir='ltr'><strong>Ε</strong></span> 
     </span>
    </p>
   </div>
   <div class='ocr_carea' id='block_1_10' title="bbox 0 0 1444 5046">
    <p class='ocr_par' dir='ltr' id='par_1_12' title="bbox 0 0 1444 5046">
     <span class='ocr_line' id='line_1_38' title="bbox 0 0 1444 5046; baseline 0 1"><span class='ocrx_word' id='word_1_306' title='bbox 0 0 1444 5046; x_wconf 95' lang='lat' dir='ltr'><strong> </strong></span> 
     </span>
    </p>
   </div>
  </div>
 </body>
</html>
