2880 5046
144 453 187 517 58
567 469 683 517 nessa
704 465 882 516 suessan

184 622 363 689 Excussis
380 643 560 689 noussen
576 644 623 689 nr
638 644 811 689 surorum
828 642 949 689 srcrru
966 639 1299 690 assumpturi.—

141 710 317 796 Inprimis,
333 717 352 775 3
369 710 473 790 Junii,
499 710 535 774 in
560 711 711 796 expensis
737 710 848 774 famuli
864 711 928 775 mei
942 710 977 774 in
992 710 1090 775 Novo
1107 709 1225 777 Castro
1241 714 1297 777 dd.

139 797 186 860 Et
200 798 306 863 eidem
321 798 408 883 apud
419 796 610 863 Aucldande
625 800 678 862 sd.
723 796 809 861 Item
824 797 858 860 in
874 797 1025 883 expensis
1037 819 1096 883 per
1111 797 1296 864 Robertum

140 883 239 970 Syme
259 886 294 950 in
317 884 415 950 Novo
432 883 549 949 Castro
564 885 617 949 3d.
662 885 748 948 Item
771 905 831 969 per
845 884 1004 949 famulum
1018 907 1129 949 meum
1143 885 1179 949 in
1195 886 1295 951 Novo

140 969 257 1036 Castro
271 973 325 1037 dd.
369 972 416 1035 Et
442 970 598 1035 eidemin
613 971 711 1035 Novo
727 969 843 1035 Castro
861 970 989 1053 (blank).
1034 972 1081 1035 Et
1118 992 1153 1036 er
1168 970 1295 1038 Rober-

138 1054 210 1121 turn
233 1058 344 1144 Syme,
368 1056 495 1137 sJulii,
511 1057 598 1143 apud
613 1057 752 1144 Aykley,
765 1058 820 1123 Sd.
865 1057 911 1121 Et
935 1057 1074 1143 despero
1137 1059 1246 1142 orsley
1260 1061 1294 1125 in

138 1142 237 1210 Novo
264 1145 382 1210 Castro
403 1146 458 1210 ed.
502 1145 549 1208 Et
574 1144 734 1209 Nicholso
760 1141 936 1210 Neusham
958 1143 1080 1210 idibem
1096 1146 1150 1212 ld.
1195 1147 1244 1210 Et
1257 1146 1293 1212 in

138 1228 391 1402 mildi
404 1230 475 1382 {ll
492 1229 1294 1406 <llttt'lffitlttltl2t‘ltttt‘t53⁰

142 1406 216 1482 l7d.
258 1406 305 1470 Et
317 1338 670 1470 IIicholaoaIIlewsham
692 1426 753 1490 pro
777 1341 928 1490 expedrsis
942 1406 978 1470 in
993 1405 1090 1471 Novo
1107 1406 1223 1472 Castro
1240 1368 1294 1483 'lid

144 1491 201 1576 [In
222 1514 322 1558 manu
353 1491 478 1557 terrarii
493 1512 553 1577 pro
569 1512 669 1577 grano
697 1491 818 1578 sinapis
844 1500 891 1557 20.
936 1493 1022 1557 Item
1046 1513 1106 1578 pro
1129 1493 1209 1570 rino
1232 1512 1292 1580 per

138 1579 205 1642 fam
228 1622 401 1646 ......
427 1585 465 1642 15
481 1577 673 1643 Decembris
688 1600 774 1643 anno
792 1584 887 1644 1532.
931 1581 971 1645 In
985 1579 1154 1665 marytre]
1204 1581 1292 1649 Item

138 1664 340 1817 Delli*
365 1665 450 1816 mii
466 1674 505 1817 t
524 1664 783 1817 {tfflltttt
797 1664 940 1817 {hiliis
956 1666 1293 1820 ilaimpdbbiiii

137 1837 325 1991 serr
340 1774 632 1991 ,intersis
646 1846 702 1991 t·
718 1841 790 1990 a
813 1775 1109 2013 En,

137 2033 249 2077 meum
274 2012 410 2078 diversis
434 2012 560 2078 vicibus
582 2012 617 2077 in
642 2012 746 2098 patria
768 2034 829 2099 pro
851 2014 1040 2080 collectione
1055 2014 1222 2100 firmanum
1237 2017 1290 2080 9d.

137 2097 185 2164 Et
198 2122 259 2187 pro
274 2100 426 2186 expensis
440 2101 522 2166 meis
541 2100 577 2164 in
592 2100 811 2187 Northsheyls
836 2100 871 2164 in
886 2102 1017 2187 negotio
1032 2103 1073 2166 cd
1090 2101 1235 2167 Priorem
1251 2102 1293 2168 de

136 2185 365 2274 Tynemouthe
389 2197 436 2253 23.
463 2190 515 2253 3d.
561 2188 607 2251 Et
631 2187 768 2252 Nicolao
793 2186 967 2252 Newsham
991 2187 1025 2250 in
1047 2186 1144 2251 Novo
1162 2188 1293 2270 Castro,

138 2280 158 2338 ὅ
180 2274 345 2354 Octobris,
368 2277 420 2339 td.
465 2274 511 2338 Et
535 2274 570 2337 in
594 2274 746 2358 expensis
771 2272 1010 2336 veredariorum
1035 2271 1070 2334 in
1086 2272 1213 2337 Oestria
1228 2294 1292 2360 pro

140 2361 301 2446 dogdrare
317 2361 370 2426 od.
414 2361 461 2424 Et
485 2382 544 2445 per
557 2358 753 2423 Nicholcum
771 2358 947 2423 Neusham
970 2367 1003 2422 et
1018 2358 1142 2423 socium
1156 2358 1192 2423 in
1207 2361 1296 2428 festo

137 2447 237 2513 Lucoe
252 2447 340 2533 apud
353 2444 486 2511 Novum
504 2446 657 2509 Castrum
675 2446 747 2508 rad.
790 2443 837 2508 Et
862 2444 967 2508 eidem
982 2466 1041 2530 pro
1056 2445 1134 2510 rino
1149 2449 1291 2514 emendo

138 2534 264 2599 duabus
279 2533 404 2598 vicibus
420 2533 472 2596 Sd.
516 2532 563 2594 Et
571 2531 606 2594 in
615 2530 767 2616 expensis
777 2530 890 2595 famuli
905 2531 967 2596 mei
987 2531 1074 2617 apud
1090 2532 1241 2598 Howden
1257 2544 1291 2601 et

139 2619 452 2708 Hemmyngburghe
461 2625 508 2682 2³.
531 2619 578 2681 Et
586 2617 691 2682 eidem
701 2617 737 2680 in
748 2616 846 2682 Novo
862 2617 978 2683 Castro
993 2620 1046 2684 4d.
1080 2619 1126 2684 Et
1140 2619 1175 2682 in
1190 2621 1289 2687 Novo

140 2707 256 2772 Castro
271 2727 330 2792 per
344 2704 503 2769 famulum
527 2727 637 2769 meum
661 2713 695 2768 et
710 2703 929 2770 Cuthbertum
945 2704 1044 2791 Pape,
1060 2706 1194 2771 diversis
1209 2707 1290 2773 vici·

136 2790 212 2874 bus,
228 2795 280 2858 ad.
325 2792 371 2856 Et
384 2792 420 2856 in
435 2791 593 2877 expensis
602 2790 738 2856 Roberti
754 2791 852 2878 Syme
867 2792 902 2855 in
918 2792 1107 2858 collectione
1122 2793 1289 2860 firmarum

137 2881 225 2969 apud
240 2880 368 2967 Ayldey
382 2881 433 2944 od.
479 2879 525 2943 Et
547 2879 582 2942 in
607 2876 758 2964 expensis
783 2878 897 2943 famuli
918 2878 954 2944 in
978 2879 1076 2945 Novo
1102 2878 1230 2960 Castro,
1248 2889 1288 2948 16

137 2969 341 3048 Decembris,
355 2970 408 3033 cd.
453 2966 499 3030 Et
513 2965 548 3029 in
563 2966 714 3054 expensis
740 2965 821 3029 meis
847 2966 934 3051 apud
954 2966 1231 3052 Branncepeathe,
1250 2975 1289 3033 19

137 3055 341 3135 Decembris,
362 3052 415 3118 sd.
461 3051 545 3117 Item
570 3051 605 3116 in
631 3052 783 3137 expensis
806 3052 942 3118 Thomas
966 3053 1084 3117 Bluntt
1106 3063 1139 3118 et
1153 3054 1290 3120 Thomoe

138 3144 218 3211 Raw
239 3143 327 3228 apud
342 3140 473 3228 Sheyle3
493 3141 545 3205 Sd.
588 3139 635 3203 Et
660 3138 820 3204 Nicholao
845 3138 1023 3205 Newsham
1048 3162 1109 3226 pro
1135 3141 1289 3227 expensis

136 3232 191 3296 4d.
235 3230 282 3295 Et
295 3229 330 3294 in
352 3227 502 3313 expensis
526 3225 619 3305 meis,
633 3234 655 3288 4
669 3224 827 3305 Ianuarii,
842 3227 928 3311 apud
944 3226 1078 3291 Yarrow
1092 3249 1219 3314 pannys
1234 3229 1288 3294 6d.

139 3314 185 3382 Et
198 3338 259 3403 pro
274 3315 426 3402 expensis
451 3312 544 3378 factis
569 3313 709 3394 (blank).
756 3311 801 3373 Et
823 3310 858 3374 in
881 3311 1001 3412 ptisina
1026 3323 1136 3399 empta
1154 3336 1215 3400 pro
1240 3325 1289 3381 te-

138 3403 293 3470 nentibus
307 3403 342 3467 in
351 3401 538 3487 recepcione
552 3420 726 3485 granorum
741 3397 828 3483 apud
837 3397 955 3462 salmas
967 3398 1008 3464 de
1022 3398 1045 3465 J
1046 3421 1148 3465 arrow
1162 3401 1197 3464 in
1211 3401 1288 3469 nari

137 3491 275 3557 Antonii
288 3491 446 3576 Hogeson
456 3495 505 3552 la.
519 3487 572 3550 4u.
619 3482 664 3548 Et
682 3483 717 3547 in
743 3484 884 3568 regardis
908 3484 992 3550 datis
1007 3486 1187 3552 marinariis
1203 3488 1291 3575 ejus-

139 3579 214 3645 dem
228 3578 319 3643 navis
333 3575 439 3662 prole
454 3593 623 3656 swepyngs
638 3590 697 3657 per
711 3569 867 3635 famulum
883 3594 993 3637 meum
1010 3574 1083 3639 rod.
1129 3572 1175 3638 Et
1188 3574 1224 3638 in'
1235 3584 1291 3641 ex-

62 3725 65 3730 .
137 3666 247 3754 pensis
262 3687 321 3752 per
334 3661 492 3728 famulum
507 3678 627 3736 meum,
644 3663 683 3720 18
699 3655 722 3722 J
723 3657 855 3736 anuarii,
869 3658 905 3722 in
916 3659 1013 3724 Novo
1026 3659 1153 3737 Castro,
1166 3661 1219 3726 δά.
1245 3660 1290 3728 Et

137 3756 173 3820 in
188 3752 321 3820 cervisia
332 3751 407 3815 data
421 3743 609 3813 tenentibus
625 3745 665 3808 de
680 3742 853 3808 Wermuth
869 3753 903 3810 et
917 3744 1099 3833 Southwyk
1112 3769 1171 3835 per
1183 3747 1217 3813 J.
1229 3748 1290 3814 Gr.

139 3845 191 3908 5d.
206 3841 241 3905 in
257 3836 394 3904 Cestria.
439 3831 484 3894 Et
506 3830 541 3893 in
565 3829 716 3917 expensis
741 3831 776 3894 in
791 3831 889 3897 Novo
912 3830 1028 3898 Castro
1049 3850 1117 3918 per·
1130 3835 1289 3901 famulum

137 3951 260 4006 meum,
275 3931 317 3989 28
338 3916 514 3997 Februarii,
529 3919 582 3982 ld.
628 3915 673 3981 Et
698 3917 733 3982 in
752 3918 904 4005 expensis
919 3917 1043 3984 domini
1068 3920 1186 3985 Prioris
1201 3920 1290 4008 apud

139 4011 372 4090 Aucklande,5
390 4003 567 4085 Februarii,
586 4011 651 4070 15³.
669 4004 720 4081 Μ.
762 4005 848 4069 Item
870 4026 929 4091 per
943 4006 1102 4071 famulum
1127 4007 1162 4072 in
1189 4009 1288 4075 Novo

140 4103 256 4168 castro
271 4099 324 4162 δά.
370 4092 415 4158 Et
437 4113 539 4179 puero
553 4090 721 4158 Willielmi
736 4090 870 4158 Walshe
885 4093 1040 4178 capellani
1056 4096 1108 4159 ld.
1154 4092 1242 4160 Item
1256 4095 1292 4160 in

139 4185 291 4274 expensis
315 4178 466 4248 Nicholai
493 4178 661 4244 Neusham
688 4187 722 4243 et
746 4177 865 4264 Jasper
888 4179 1032 4267 Horsley
1045 4179 1081 4244 in
1104 4182 1292 4270 receptione

138 4294 312 4364 manorum
326 4268 448 4335 ibidem
462 4288 520 4353 per
535 4266 617 4332 duos
632 4265 702 4332 dies
722 4264 844 4330 ibidem
860 4271 906 4330 ta.
924 4268 976 4335 ld.
1021 4265 1066 4332 Et
1088 4267 1123 4332 in
1138 4269 1292 4355 expensis

7 4444 9 4451 Ι
163 4381 199 4427 er
212 4359 369 4425 famulum
379 4352 689 4440 meuminoariagio
705 4359 746 4416 23
755 4350 906 4439 syrbords
915 4352 1053 4441 receptis
1062 4355 1103 4420 de
1114 4356 1294 4444 Radulpho

7 4462 128 4736 ἱ
186 4444 332 4536 eytwode
346 4446 400 4513 dd.
444 4440 491 4508 Et
514 4463 574 4528 pro
598 4439 807 4526 narigaeione
829 4439 976 4526 ejusdem
998 4456 1103 4528 usque
1130 4442 1294 4513 Heworth
