2880 5046
136 452 180 517 43
560 464 674 516 arara
696 460 876 517 3003330

162 776 385 863 [Memoranda
408 796 490 861 upon
515 779 566 842 tte
593 783 654 926 33430
681 778 784 943 kaie}
808 780 843 840 ot
870 775 1009 839 313333
1032 775 1075 857 of
1098 777 1151 841 tlte
1174 777 1285 859 year’r

633 883 729 928 crona
744 881 769 925 3.

186 1053 256 1137 [Et
273 1060 312 1119 25
329 1053 433 1133 Iunii,
448 1075 534 1118 auno
556 1059 647 1133 1530,
664 1051 762 1117 301031
773 1051 919 1117 Iohanni
934 1053 1086 1139 Bryayne
1106 1075 1165 1139 per
1185 1055 1292 1121 filium

136 1161 197 1226 pro
224 1149 264 1205 10
287 1141 464 1226 caponibus
483 1141 601 1226 emptis
617 1140 659 1204 ad
674 1139 818 1204 63.-53.
864 1139 910 1203 Et
936 1139 971 1201 in
997 1146 1018 1202 3
1046 1141 1226 1225 caponibus
1251 1144 1292 1210 de

137 1246 237 1292 uxore
254 1227 465 1314 Purkyngson
481 1237 528 1291 23.
583 1228 629 1290 Et
649 1227 684 1289 in
700 1235 718 1289 5
736 1225 914 1311 caponibus
930 1225 1049 1310 emptis
1065 1227 1105 1291 de
1120 1229 1234 1293 eadem
1251 1232 1292 1295 ad

138 1314 350 1378 83.-3343.
366 1314 400 1377 10
425 1312 567 1399 regardis
584 1315 636 1378 23.
695 1312 741 1376 Et
766 1312 801 1376 in
827 1320 866 1376 21
897 1312 1075 1396 caponibus
1106 1317 1226 1401 emptis
1250 1317 1292 1381 de

138 1398 283 1464 Roberto
298 1401 474 1464 Wermuth
490 1407 536 1463 83.
582 1401 666 1464 Item
682 1406 701 1462 2
725 1401 765 1464 de
790 1399 916 1464 Milone
937 1400 1064 1464 Rutter.
1110 1401 1196 1465 Item
1213 1409 1233 1464 2
1250 1402 1291 1468 de

136 1508 237 1550 uxore
253 1486 376 1550 Portet.
408 1487 505 1551 Unde
521 1486 618 1549 soluti
633 1507 691 1570 per
706 1485 887 1549 Robertum
904 1485 1069 1550 Smethers
1081 1509 1140 1570 pro
1156 1495 1174 1551 5
1192 1511 1290 1575 capo-

136 1571 244 1652 nibus,
260 1582 298 1635 ut
313 1573 441 1652 estimo,
466 1581 510 1636 23.
528 1575 580 1636 63.
627 1573 711 1636 Item
726 1593 788 1657 pro
806 1577 825 1634 8
841 1571 1019 1656 caponibus
1034 1580 1081 1636 43.
1127 1574 1214 1639 Item
1230 1599 1289 1663 pro

138 1665 157 1721 2
174 1658 363 1743 caponibus,
380 1660 399 1733 7
414 1657 565 1744 Augusti,
585 1661 657 1722 123.
711 1658 756 1721 Et
771 1658 811 1720 de
827 1659 972 1723 Roberto
989 1659 1157 1727 Smetbers
1168 1683 1229 1747 pro
1248 1671 1288 1729 18

137 1744 315 1830 caponibus
331 1752 376 1809 93.
393 1747 445 1820 73.
500 1746 586 1809 Item
603 1746 654 1820 73.
701 1746 834 1808 0303333
847 1746 925 1828 out]

182 1830 435 1895 Memorandum
445 1831 496 1895 for
509 1832 667 1917 lyshynge
683 1840 718 1895 to
730 1831 872 1895 Thomas
889 1831 1034 1897 Haddok
1050 1836 1114 1900 and
1129 1835 1291 1903 Edwarde

138 1916 270 2067 gomer
295 1917 330 1980 in
361 1917 538 1983 Hebbarne
567 1918 644 1998 feld,
674 1918 738 1982 and
767 1917 869 1984 about
910 1917 1027 2004 Gray’s
1044 1921 1122 2006 dyk‚
1149 1924 1291 1989 towards

169 2025 280 2068 esors
302 2005 377 2069 feld.

212 2090 261 2154 lso
291 2089 449 2157 Edwarde
473 2092 546 2156 Bell
571 2093 622 2156 for
647 2115 666 2156 a
691 2092 850 2178 fyshynge
877 2093 981 2158 under
1010 2095 1066 2157 the
1094 2094 1294 2182 Haynyuga,

140 2176 283 2265 betwyxt
312 2180 368 2243 the
399 2180 576 2264 Leddynge
598 2179 732 2262 hewghe
762 2181 826 2243 and
853 2180 909 2242 the
940 2179 1139 2263 Sonkhynge
1167 2182 1293 2269 Shype,

138 2275 290 2349 ancmpst
304 2267 360 2330 the
377 2265 582 2350 Hauksbyts

188 2351 467 2434 [Memorandum‚
483 2351 657 2413 deliberata
671 2347 816 2413 Iohanni
832 2347 1044 2431 Rychardson
1062 2356 1078 2412 l
1097 2351 1205 2435 sylver
1220 2357 1294 2441 ayle

139 2458 262 2522 croyse,
283 2436 318 2498 in
342 2436 393 2498 die
417 2436 527 2498 Sancti
543 2434 764 2497 Bartholomei
780 2433 930 2515 apostoli,
957 2437 1140 2518 ponderans
1156 2441 1199 2518 9}
1215 2464 1293 2508 003.

137 2522 179 2588 ad
193 2529 238 2586 43.
255 2522 421 2585 63.-433.
441 2523 512 2583 103.
568 2521 614 2582 Ε3
634 2518 809 2582 deliberata
822 2518 948 2583 Iacobo
964 2521 1081 2602 Baker,
1112 2531 1149 2587 13
1167 2526 1293 2592 Febru-

138 2608 208 2688 arii,
231 2605 420 2671 ficoclearia
443 2605 656 2690 ponderantia
673 2607 712 2685 71
729 2627 815 2684 unc,
838 2605 1063 2672 deficientibus
1089 2608 1123 2672 in
1146 2613 1292 2695 pondere

138 2698 203 2774 43,
228 2694 269 2756 33
283 2691 490 2756 vendendum
512 2713 571 2776 per
591 2692 710 2775 ipsum.
765 2692 812 2754 Et
826 2690 993 2757 deliberati
1008 2696 1153 2760 Antonio
1169 2699 1292 2785 Whyt-

137 2781 215 2858 feld,
242 2779 321 2842 feria
337 2787 424 2842 secta
439 2788 513 2842 ante
529 2779 657 2856 Natale,
674 2785 715 2843 10
729 2800 868 2863 capones
884 2780 924 2842 ad
943 2783 1086 2846 53.-43.
1104 2785 1156 2848 23.
1202 2786 1290 2852 Item

141 2872 273 2950 lcapon
290 2866 341 2929 53.
386 2864 484 2931 Unde
501 2865 598 2929 soluti
614 2886 672 2949 per
685 2864 867 2929 Antonium
883 2866 1065 2952 Whytfeld,
1089 2875 1107 2931 2
1131 2869 1292 2956 Ianuarii,

137 2960 185 3017 23.
201 2953 254 3016 63.
284 2952 371 3017 Item
382 2972 442 3037 pro
458 2958 490 3031 5,
506 2960 526 3016 9
542 2951 701 3031 Ianuarii,
717 2961 763 3016 23.
782 2955 833 3017 13.
864 2952 1127 3035 Memorandum,
1143 2955 1177 3020 in
1190 2981 1293 3024 manu

137 3037 299 3104 Iohannis
329 3038 509 3119 Alandson,
534 3061 593 3124 pro
627 3046 640 3101 l
673 3038 809 3124 plaustr.
839 3039 966 3104 corticis
999 3047 1046 3105 33.
1076 3044 1129 3106 43.
1159 3046 1292 3112 vendita
1347 3064 1349 3071 '

139 3124 285 3190 Roberto
309 3124 418 3190 Clinte
440 3134 474 3189 et
490 3125 595 3190 sociis.
640 3126 686 3188 Et
699 3126 734 3189 in
749 3148 849 3190 manu
864 3126 1000 3191 Roberti
1017 3128 1165 3193 Redman
1179 3132 1292 3220 palay-

27 3266 30 3271 .
140 3211 338 3278 servendit.
363 3260 371 3275 .
395 3259 434 3276 ..
480 3211 596 3297 Bedyk
612 3217 659 3275 63.
676 3212 727 3276 83.
771 3213 995 3296 Oroandem]

182 3298 229 3363 Et
247 3298 354 3382 recepi
379 3298 418 3363 de
445 3297 592 3361 Roberto
616 3297 781 3362 Smethers
804 3319 863 3382 pro
884 3299 1079 3379 volatilibus,
1103 3304 1291 3389 7Augusti,

139 3395 187 3449 23.
202 3388 255 3450 43.
301 3384 407 3448 Soluti
422 3392 456 3447 et
471 3384 609 3467 quietus.
656 3382 751 3462 Item,
768 3390 786 3446 8
802 3384 955 3468 Augusti,
971 3387 1011 3450 de
1034 3388 1178 3453 Roberto
1195 3391 1292 3456 Wer-

138 3472 253 3535 mouth
266 3471 301 3533 in
316 3469 500 3534 volatilibus
517 3471 568 3544 73.
614 3469 699 3532 Item
715 3469 754 3533 de
769 3469 887 3534 ballivo
902 3479 921 3534 3
939 3472 1065 3537 curleus
1082 3484 1116 3539 et
1134 3479 1147 3537 l
1166 3478 1291 3562 whym-

138 3558 351 3643 pernell13d.
384 3556 469 3620 Item
485 3554 590 3618 eidem
604 3556 739 3620 Thomae
755 3557 886 3635 Brown,
903 3565 940 3621 15
958 3559 1115 3640 Ianuarii,
1133 3566 1206 3627 123.
1246 3566 1292 3629 Ε3

138 3645 274 3709 'I'homae
290 3645 409 3707 Brown
424 3641 602 3706 trituratori
626 3644 699 3705 213.
744 3642 790 3707 Ε3
812 3643 916 3707 eidem
931 3645 1066 3709 Thomae
1084 3649 1155 3711 103.
1203 3650 1290 3717 Item

139 3731 245 3796 eidem
262 3733 334 3793 103.
365 3729 412 3792 Et
426 3729 530 3792 eidem
545 3750 604 3812 pro
621 3729 806 3813 Beurparke
820 3733 892 3793 123.
930 3732 976 3795 Et
991 3732 1095 3796 eidem
1110 3756 1170 3819 pro
1187 3738 1292 3802 Beur-

139 3818 239 3903 parke
259 3818 329 3880 123.
374 3815 421 3878 Ε3
446 3813 551 3879 eidem
576 3814 610 3877 in
634 3814 749 3879 ultima
775 3817 939 3881 solucione
962 3839 1022 3903 pro
1038 3825 1057 3881 8
1074 3841 1127 3904 qu.
1155 3821 1293 3908 siliginis

138 3901 298 3968 trituratis
312 3901 435 3965 ibidem
451 3903 503 3965 83.
547 3901 593 3965 Et
608 3904 659 3966 83.
704 3903 789 3967 Item
811 3904 863 3978 73.
879 3912 912 3967 33
932 3904 1060 3989 quietus
1082 3929 1142 3990 pro
1164 3909 1293 3995 siligine

139 3988 180 4053 de
197 3988 392 4072 Beuerpark.
437 3986 493 4052 W.
510 3987 664 4073 Heryson
679 3987 758 4054 dicit
771 3996 815 4054 30
830 3998 911 4056 trau.
927 3991 1080 4057 frumenti
1097 4001 1131 4058 et
1143 3994 1294 4082 siliginis,

138 4081 183 4139 40
197 4083 278 4138 trav.
294 4082 328 4138 et
349 4080 391 4138 22
406 4082 487 4138 trav.
504 4074 596 4139 ordii.

181 4161 228 4223 Et
242 4160 387 4224 Iohanni
403 4162 534 4226 Hunter
556 4184 596 4226 ex
616 4170 742 4241 mutuo,
766 4169 807 4225 29
835 4163 1047 4247 Septembris,
1070 4173 1089 4229 3
1115 4215 1123 4231 .
1148 4214 1157 4232 .
1182 4217 1191 4234 .
1217 4218 1226 4236 .
1251 4172 1294 4237 ad

137 4246 258 4311 festum
272 4247 508 4332 purificationis
519 4248 622 4314 beatae
639 4248 753 4312 Mariae
768 4249 802 4311 in
817 4271 902 4316 3000
920 4259 1000 4317 1531
1027 4299 1035 4318 .
1060 4300 1068 4318 .
1093 4301 1101 4320 .
1124 4253 1239 4326 idem.
1258 4309 1266 4326 .
1284 4310 1292 4327 .

137 4330 175 4397 10
188 4332 281 4399 firma
294 4335 330 4400 in
345 4358 431 4401 anno
449 4343 487 4401 15
513 4382 521 4401 .
546 4382 555 4402 .
580 4384 588 4401 .
610 4336 645 4399 10
659 4334 828 4420 pensione.
