2880 5046
402 456 586 507 33333333
609 459 872 509 consumme
897 446 1035 508 1532-3.
1242 447 1301 512 148

140 610 202 677 filii
228 610 352 677 domini
371 609 539 678 Willielmi
562 614 707 692 Bulmer,
729 621 798 679 203.
844 614 950 679 Soluti
975 615 1108 682 domino
1135 614 1240 682 Priori
1262 616 1302 681 de

142 697 283 784 pecunia
296 707 427 783 recepta
443 700 483 763 de
500 700 660 784 Magistro
676 701 717 764 de
732 701 877 765 Yarrow.

191 831 331 850 .....
353 784 415 849 bus
430 786 593 849 lusoribus
617 832 625 851 .
650 832 658 850 .
683 832 691 849 .
715 787 823 870 Regis,
838 787 870 850 in
888 786 1041 872 regendis,
1056 787 1091 852 in
1106 807 1198 868 suro,
1216 796 1282 855 153.

190 871 237 935 Et
250 871 367 935 eodem
382 872 445 949 die,
460 871 579 936 nuncio
595 870 719 938 domini
735 873 845 957 Regis,
861 875 936 938 2031.

191 957 238 1020 Et
259 957 373 1022 eodem
390 958 453 1036 die,
468 957 595 1022 cuidam
618 957 754 1036 homini,
776 959 811 1020 in
835 958 986 1041 regardis,
1010 957 1167 1025 deferenti
1195 968 1208 1026 1
1236 960 1305 1027 buk

146 1065 166 1106 3
181 1042 408 1127 Wolsygham,
423 1065 483 1127 pro
499 1043 521 1108 J
523 1041 672 1107 udicibus
688 1065 763 1126 erge
779 1043 953 1120 sessiones,
971 1046 1045 1108 1231.

191 1129 238 1193 Et
245 1130 376 1193 custodi
390 1150 540 1194 ursorum
550 1137 584 1192 et
591 1128 767 1194 cimearum
781 1128 922 1194 dominae
935 1130 1104 1215 Principis,
1117 1140 1133 1198 l
1144 1130 1168 1197 J
1170 1131 1249 1210 unii,
1258 1140 1306 1197 53.

193 1215 240 1279 Et
254 1216 430 1300 capellano,
445 1237 504 1300 per
525 1214 718 1293 bursarium,
733 1222 830 1300 pro4
845 1215 1009 1281 lusoribus
1025 1216 1150 1283 domini
1166 1217 1307 1285 Comitis

149 1302 191 1366 de
206 1301 330 1387 Darby,
344 1302 379 1366 in
394 1323 483 1380 auro,
501 1302 547 1377 73.
562 1301 615 1365 fid.
662 1300 751 1382 [71ιὶ3
766 1304 832 1366 uod
845 1306 897 1366 tlte
909 1304 1079 1386 preceding
1092 1305 1167 1379 item
1181 1307 1309 1371 crossed

149 1395 206 1453 out
220 1391 298 1452 with
312 1391 364 1452 tlte
378 1388 467 1471 pem]

194 1473 241 1537 Et
266 1473 443 1538 Willielmo
466 1473 614 1557 Allayne,
638 1471 673 1539 in
697 1473 850 1558 regundis,
878 1473 1034 1541 deferenti
1060 1483 1081 1541 2
1107 1483 1258 1560 cygnetts
1287 1460 1321 1544 u¹

149 1559 328 1625 Willielmo
355 1561 508 1638 Lowson,
540 1566 588 1622 3s.
604 1560 669 1636 ld,
690 1568 724 1622 et
750 1567 762 1622 l
789 1581 911 1645 panyar
931 1579 1116 1644 pomorum,
1139 1583 1158 1623 3
1180 1561 1308 1626 Thomu

149 1646 298 1731 Androy,
314 1654 452 1710 23.-53.
468 1647 522 1709 sd.

194 1731 240 1796 Et
253 1733 375 1797 famulo
391 1731 536 1816 magistri
552 1731 742 1809 Mathoson,
759 1738 800 1794 29
816 1730 838 1795 J
840 1730 972 1810 anusrii,
985 1731 1144 1799 deferenti
1159 1742 1178 1795 2
1195 1733 1307 1818 cignos

151 1818 286 1884 domino
303 1818 418 1896 Priori,
433 1819 468 1881 in
483 1817 636 1901 regurdis,
654 1825 701 1880 53.

195 1904 242 1967 Et
250 1903 371 1968 famulo
383 1903 551 1967 Willielmi
562 1904 738 1987 Lampton,
748 1903 905 1967 deferenti
920 1910 934 1966 l
947 1904 1026 1990 pyk,
1034 1903 1069 1968 in
1078 1905 1307 1989 regundis‚12d.

195 1990 242 2054 Et
266 1990 301 2055 in
325 1991 467 2074 regsrdis
493 1989 577 2052 detis
601 1989 637 2053 in
661 1988 883 2072 baptizscione
906 1988 964 2053 filii
988 1989 1112 2055 domini
1137 1991 1307 2058 Willielmi

154 2076 289 2141 Bulmer
303 2075 427 2155 militis,
442 2075 477 2139 in
492 2096 582 2151 auro,
598 2082 667 2138 203.
1248 2078 1254 2087 “

196 2163 261 2227 Pro
275 2163 452 2247 capellano.
481 2161 527 2224 Et
539 2160 715 2225 Willielmo
726 2158 834 2244 Davy,
844 2162 899 2224 431.
928 2160 975 2225 Et
989 2181 1049 2245 pro
1065 2161 1160 2226 feltro
1172 2162 1307 2228 Thomae

151 2249 333 2335 Whythed,
353 2249 424 2311 lod.
455 2248 540 2311 Item
556 2245 664 2325 solvit,
681 2252 721 2310 18
737 2245 888 2330 Augusti,
904 2269 990 2312 anno
1009 2253 1104 2325 1534,
1118 2255 1153 2312 et
1167 2248 1307 2333 quietus.

157 2336 251 2419 [11313
259 2337 449 2418 paragraph
465 2334 593 2398 33333331
606 2332 686 2416 out]

197 2421 244 2486 Et
271 2421 306 2484 in
335 2419 477 2504 regardis
507 2441 565 2505 per
593 2416 786 2498 bursarium,
812 2439 854 2483 ex
881 2419 1036 2485 mundato
1066 2418 1201 2500 domini,
1226 2421 1308 2501 473,

150 2517 270 2594 praetsr
285 2513 354 2572 203.
369 2505 436 2571 filio
452 2504 597 2591 magistri
613 2505 757 2571 Bulmer.

284 2593 419 2658 Summa
434 2590 509 2656 date
522 2612 583 2676 pro
597 2591 740 2676 regardis
754 2613 813 2676 per
827 2592 1041 2678 capellanum,
1059 2595 1123 2659 121.
1141 2599 1209 2660 193.
1224 2596 1278 2661 od.

283 2677 419 2743 Summa
434 2676 509 2741 dats
523 2699 582 2762 per
595 2677 789 2757 bursarium,
805 2680 873 2752 473.

284 2763 331 2828 Et
343 2785 404 2850 pro
419 2763 525 2828 officio
541 2763 708 2848 capellani,
723 2772 761 2827 ut
775 2772 867 2847 patet
881 2763 975 2844 infru,
993 2766 1126 2830 16381.

198 2918 382 2984 Exruusm
399 2915 698 2983 sussurim-Per
713 2937 846 2995 annum,
861 2921 931 2984 403.

199 3074 380 3143 Excussis
398 3092 535 3143 nouxur
553 3068 804 3136 Primus-In
820 3068 989 3158 speciebus
1009 3089 1069 3157 pro
1094 3091 1218 3136 camere
1241 3094 1310 3155 sua,

154 3161 285 3313 68113113
313 3245 349 3313 in
377 3241 524 3323 cucullis,
555 3241 669 3322 bottis,
698 3240 829 3323 tunicis
860 3251 894 3307 et
923 3240 993 3307 aliis
1022 3242 1222 3325 necessariis,
1252 3266 1310 3335 per

154 3354 289 3411 annum,
307 3337 396 3396 1003.

198 3487 379 3551 Exrnusm
412 3502 559 3548 norsum
591 3499 728 3546 nosunr
758 3481 1030 3547 Perosis-Et
1054 3484 1149 3547 uxori
1175 3484 1312 3549 Roberti

156 3573 335 3650 Smethers,
356 3591 416 3657 pro
438 3569 564 3633 locione
586 3589 769 3652 pannorum
794 3567 919 3631 domini
946 3568 1076 3648 Prioris,
1101 3591 1310 3654 perannum,

154 3667 203 3724 33.
219 3660 272 3722 431.
317 3656 416 3721 Unde
439 3654 537 3719 soluti
559 3653 675 3735 eidem,
698 3675 756 3742 per
771 3653 978 3720 Roulandum
993 3654 1133 3734 Jonson,
1153 3662 1190 3717 13
1206 3655 1311 3736 Junii,

154 3767 224 3832 prae
240 3742 401 3823 manibus,
416 3749 463 3809 33.
478 3741 531 3804 431.

200 3902 421 3966 Eunssosrnn
438 3896 728 3962 comunem-In
743 3896 975 3963 distribucione
997 3900 1081 3964 laets
1102 3898 1311 3984 pauperibus,

156 3988 198 4054 ad
214 3985 416 4063 mandatum,
430 3983 464 4046 in
480 4004 571 4048 coena
586 3980 732 4059 Domini,
750 3989 837 4046 1023.
852 3986 906 4047 sd.

201 4143 334 4207 Vmum
363 4159 491 4203 3333333
519 4138 671 4200 Murum
683 4170 727 4183 -
743 4135 903 4220 Georgius
932 4136 1069 4223 Stobby,
1095 4159 1153 4222 per
1178 4160 1311 4220 annum,

159 4231 233 4293 1231.
278 4226 385 4291 Soluti
400 4224 517 4302 eidem,
532 4223 567 4286 in
582 4223 634 4288 die
650 4222 761 4286 Sancti
775 4222 921 4301 Thomae,
936 4232 970 4287 et
984 4222 1123 4307 quietus.

203 4313 329 4378 Relicta
343 4313 424 4386 Lux,
439 4331 646 4394 perannum,
665 4310 736 4372 1231.
783 4307 881 4371 Unde
896 4309 995 4372 soluti
1013 4308 1107 4373 diotre
1122 4309 1240 4390 viduae,
1253 4335 1313 4397 per

158 4401 355 4466 Lenslotum
371 4395 513 4463 Hobson
527 4395 563 4459 iu
582 4395 635 4460 die
651 4393 762 4460 Sancti
775 4393 912 4460 Thomu
927 4394 1079 4481 Apostoli
1093 4406 1169 4462 ente
1184 4397 1311 4479 Nstale,

157 4497 193 4555 et
208 4485 327 4574 quiete.
