2880 5046
401 456 586 506 accusans
610 453 872 505 consonantis
897 435 1036 501 1533-4.
1226 437 1289 500 325

184 613 236 678 113
251 612 381 678 'l'homa
393 613 481 680 Hert
495 616 514 687 7
530 633 681 699 capones,
696 620 743 678 53.
759 612 812 675 431.
856 610 942 675 Item
958 615 989 687 2,
1003 609 1077 672 1231.

184 700 237 764 De
252 699 396 766 Roberto
411 700 560 766 Tunstall
575 705 595 762 2
611 720 762 786 capones,
784 698 870 774 2031,
892 704 926 761 et
946 694 1029 761 ldd.
1051 692 1216 779 pullorum
1237 715 1292 758 co-

139 785 336 867 lumbarum,
350 788 405 853 431.

184 873 237 937 De
252 873 485 940 molendinario
501 874 542 939 de
558 874 722 960 Raynton,
738 880 777 938 12
794 892 892 952 aucae,
906 875 998 950 4s.,3
1014 889 1166 955 capones,
1179 873 1226 933 23.
1238 870 1292 934 ad.

142 959 298 1043 [Restant
316 967 365 1026 12.
409 964 451 1025 Ic
471 961 635 1045 margine]

185 1047 238 1110 De
253 1046 408 1113 Eduardo
416 1048 564 1128 ‚Tomson
580 1055 600 1111 3
617 1067 768 1133 capones,
786 1047 860 1111 1531.

185 1133 238 1198 De
252 1134 276 1198 J
277 1142 346 1198 aret
361 1133 440 1200 Hall
454 1143 474 1198 6
489 1133 570 1219 pulli
584 1133 785 1218 gallinarum,
805 1134 859 1197 sd.

185 1219 239 1284 De
253 1220 407 1305 magistro
422 1221 585 1304 Troulope
603 1229 618 1284 1
635 1221 750 1305 pacok.

185 1305 239 1370 De
254 1305 405 1372 Johanne
422 1307 466 1370 H.
486 1315 501 1371 1
519 1306 634 1392 pacok,
649 1313 669 1371 2
685 1327 836 1391 capones,
854 1313 869 1369 1
887 1325 975 1368 auca.

187 1389 233 1457 Et
246 1414 304 1479 per
317 1394 351 1459 J.
367 1395 483 1459 Foster
497 1400 517 1457 2
533 1394 678 1471 curlews,
693 1395 757 1472 od,
772 1400 805 1456 et
820 1400 839 1456 8
855 1389 1067 1477 reydshanks,
1079 1392 1132 1455 4cl.
1178 1389 1223 1453 Et
1233 1407 1292 1473 pro

141 1477 263 1559 labore,
277 1481 331 1546 ad.
377 1479 556 1565 [Regardis,
573 1481 625 1544 ad.
668 1482 709 1543 In
722 1478 887 1561 murciae]

186 1565 233 1630 Et
246 1588 304 1651 per
318 1567 475 1632 famulum
490 1567 625 1632 Thomae
642 1566 811 1650 Chapman
830 1571 849 1628 3
866 1586 1017 1649 capones,
1038 1574 1097 1644 23,
1112 1572 1131 1627 3
1149 1562 1293 1642 curleWS,

145 1653 229 1732 lad,
244 1662 278 1718 et
292 1674 351 1740 pro
366 1652 486 1733 labore,
508 1655 558 1718 ad.

186 1739 234 1803 Et
246 1739 282 1804 in
295 1739 373 1806 vino
388 1739 558 1806 malvatico
576 1748 614 1805 ll
632 1747 790 1826 quayrtts,
812 1745 860 1802 33.
878 1741 929 1802 ad.
975 1738 1038 1804 Pro
1055 1736 1217 1824 expensis,
1240 1738 1293 1800 231.

187 1825 234 1890 Et
248 1825 289 1891 de
304 1825 448 1892 Roberto
462 1826 594 1913 Wylley
609 1834 631 1889 4
645 1848 744 1904 aucae,
759 1827 834 1892 aod.

187 1912 234 1976 Et
247 1934 305 1998 per
319 1913 501 1979 Antonium
516 1921 536 1976 6
552 1913 694 1999 porcelli,
709 1919 757 1977 33.

186 1998 233 2063 Et
247 1998 287 2063 de
302 1999 455 2086 magistro
471 1999 511 2064 de
525 1998 700 2065 Wermuth
718 2005 757 2062 14
773 1999 852 2084 pulli
867 1998 1100 2064 columbarum.

186 2085 234 2150 Et
248 2086 288 2150 de
305 2086 443 2152 Ricardo
460 2085 626 2172 Galloway
641 2092 661 2149 6
678 2084 758 2168 pulli
773 2086 1008 2164 columbarum,
1023 2087 1077 2151 231.

187 2171 234 2238 Et
248 2173 288 2237 de
303 2173 336 2239 J.
350 2173 459 2239 North
474 2177 494 2235 2
510 2193 631 2258 wypes,
647 2173 699 2235 231.

187 2257 234 2323 Et
248 2260 288 2325 de
303 2259 326 2325 J
328 2260 455 2325 ohanne
472 2259 599 2345 Harper
614 2267 634 2322 9
650 2257 731 2344 pulli
746 2257 979 2337 columbarum,
995 2259 1049 2321 sd.

187 2346 234 2409 Et
249 2345 289 2411 de
303 2345 421 2412 vicario
438 2347 478 2411 de
494 2344 680 2432 Hessylden
699 2352 711 2407 l
732 2367 846 2430 capon.

187 2431 235 2496 Et
248 2431 282 2497 in
300 2440 316 2497 l
334 2433 448 2518 plover
462 2443 496 2498 et
512 2439 528 2496 l
547 2454 661 2519 snype,
676 2434 750 2507 2131.

187 2519 240 2583 De
257 2519 458 2585 Christofero
474 2519 646 2584 Morlande
662 2526 681 2580 2
698 2541 796 2598 aucae,
814 2522 886 2583 lod.

187 2606 234 2670 Et
247 2628 305 2690 per
319 2605 430 2671 billam
444 2605 581 2670 Antonii
596 2605 784 2692 Whytfelde
800 2613 819 2669 2
836 2654 844 2671 .
868 2653 878 2671 .
902 2653 910 2671 .
961 2603 1045 2688 [lte
1060 2624 1171 2670 corner
1193 2603 1234 2685 (ff
1248 2604 1298 2666 tlte

137 2712 225 2776 pays
240 2695 269 2756 is
284 2696 355 2758 tere
370 2700 440 2758 tora
454 2693 570 2777 ewam]

187 2786 254 2845 300
269 2801 341 2860 ova,
356 2786 404 2843 33.
449 2781 490 2846 In
504 2778 614 2845 butiro
631 2781 709 2846 ad..
732 2827 741 2845 .
765 2825 807 2845 ..

189 2867 231 2931 In
246 2867 340 2932 melle
354 2873 398 2943 33
411 2868 533 2952 lagenae
549 2911 688 2934 .....

189 2953 231 3017 ln
246 2953 376 3019 vinacro
393 2961 408 3019 l
427 2953 539 3039 lagena
554 2998 693 3021 .....

189 3041 232 3105 In
246 3039 394 3127 chekyng
409 3050 504 3125 payst
520 3043 559 3124 11
583 3083 721 3106 .....

189 3133 229 3192 31
248 3148 346 3192 aucae.
391 3126 631 3212 Expenduntur
646 3133 699 3193 28.
745 3127 928 3191 Remanent
943 3133 974 3189 3.

193 3220 230 3279 ll
250 3213 396 3280 Porcelli.
441 3214 682 3299 Expenduntur
697 3259 837 3280 .....

190 3307 231 3366 35
249 3322 399 3386 capones.
444 3301 687 3387 Expenduntur
703 3345 843 3368 .....

195 3394 233 3450 14
248 3387 329 3473 pulli
343 3387 543 3473 gallinarum.
587 3387 828 3471 Expenduntur
843 3431 981 3451 .....

193 3475 233 3554 51
245 3473 299 3538 dd.
315 3474 537 3539 columbarum
553 3518 722 3540 ......

194 3560 287 3625 Faria
301 3570 402 3641 sexta,
418 3571 451 3628 et
466 3560 612 3640 sabbato,
626 3560 661 3624 in
677 3560 857 3661 septimana
869 3561 1090 3635 Pentecostes,
1104 3578 1190 3621 anno
1206 3564 1301 3636 1533,

146 3669 209 3735 pro
225 3654 245 3710 2
262 3670 390 3733 seayme
405 3647 554 3735 piscium,
569 3655 617 3713 43.
662 3647 813 3714 Quietus.
1167 3687 1175 3703 ·

193 3734 240 3798 Et
254 3733 430 3801 Willielmo
447 3734 597 3820 Gybson,
608 3755 668 3819 pro
681 3742 697 3800 1
711 3756 864 3820 purpose,
877 3732 951 3797 2031.
996 3729 1041 3795 Et
1051 3750 1111 3814 pro
1126 3736 1141 3793 l
1157 3728 1301 3796 salmone

146 3819 282 3900 recenti,
300 3823 353 3886 nd.

193 3907 240 3972 Et
253 3905 398 3973 Johanni
414 3906 580 3995 Rycerson
603 3915 623 3970 6
644 3928 783 3988 crowne3
809 3916 844 3973 et
866 3913 886 3972 3
912 3904 1017 3991 angell
1039 3902 1164 3984 nobles,
1187 3924 1245 3988 per
1261 3904 1304 3970 E.

147 3993 301 4060 Watson.
350 4001 387 4060 13
403 3995 426 4060 J
428 3995 494 4076 ulii,
510 3994 649 4080 quietus.

194 4082 241 4146 Et
260 4082 404 4148 Johanni
420 4081 615 4160 Sanderson,
641 4087 682 4144 10
704 4079 796 4159 Julii,
820 4102 878 4165 per
903 4080 1041 4159 Jakson,
1067 4077 1303 4164 apprenticium

149 4191 258 4249 suum,
273 4175 315 4234 33
323 4169 432 4256 ''petree
446 4169 528 4234 lanae
544 4169 584 4233 de
602 4166 729 4253 Rylley,
744 4167 786 4230 ad
800 4173 847 4230 33.
863 4169 1005 4231 tiu-52.
1022 4174 1090 4231 103.

193 4257 251 4336 Et,
272 4263 282 4319 1
303 4255 354 4321 (113
369 4255 461 4334 Julii,
476 4278 561 4320 anno
587 4262 684 4332 1533,
703 4261 841 4338 receptae
868 4253 908 4317 de
935 4251 1112 4318 Willielmo
1138 4251 1222 4331 Cuk,
1248 4273 1306 4336 per

149 4343 320 4410 Simonem
336 4342 513 4431 Gayrsten,
534 4343 577 4420 57
592 4342 693 4429 pelles
709 4361 866 4429 agnorum
881 4348 916 4410 et
929 4340 1063 4425 hoggea,
1086 4340 1127 4407 de
1142 4338 1306 4407 Norbam-

152 4431 262 4519 shycr.

1212 4570 1415 4756 fl
