2880 5046
236 454 281 513 60
660 462 773 510 arasse
796 464 975 511 auussnu

238 619 331 686 berto
355 639 414 704 pro
440 617 591 704 expensis
613 618 700 706 apud
723 618 866 706 Sheyles,
897 627 939 685 29
968 615 1071 698 Junii,
1099 618 1153 683 4d.
1198 616 1245 682 Et
1274 617 1392 700 eidem,

239 714 259 771 2
275 705 366 784 Julii,
381 727 441 790 pro
457 706 607 792 expensis
622 706 744 771 ibidem
758 709 812 772 sd.
858 705 903 770 Et
918 706 1024 771 eidem
1038 705 1073 768 in
1088 704 1186 770 Novo
1202 705 1324 771 Castro
1340 708 1392 772 ad.

239 794 286 857 Et
301 792 406 857 eidem
420 792 504 857 trina
514 793 584 858 vice
599 793 687 877 apud
699 792 894 879 Hartylpule
906 794 958 858 cd.
1002 793 1049 856 Et
1060 791 1176 870 eidem,
1191 813 1244 856 me
1256 793 1392 858 absente

238 879 274 944 in
296 879 541 959 Northumbria,
563 879 598 943 in
620 880 718 944 Novo
734 879 851 944 Castro
873 888 907 943 et
927 877 1122 965 Hartylpule
1144 879 1221 944 bina
1243 879 1318 944 rice
1339 880 1392 945 sd.

239 965 286 1030 Et
300 966 406 1032 eidem
421 965 519 1051 quina
531 965 602 1031 vice
616 965 737 1031 ibidem
755 966 827 1030 lod.
871 966 918 1029 Et
928 965 1034 1030 eidem
1048 966 1083 1028 in
1096 965 1194 1030 Novo
1208 965 1328 1033 Castro
1339 968 1390 1032 sd.

241 1053 327 1117 Item
352 1054 405 1117 sd.
450 1052 536 1116 Item
563 1051 731 1117 eidemin
760 1052 912 1137 expensis
934 1051 969 1116 in
991 1051 1089 1116 Novo
1113 1052 1229 1117 Castro
1253 1052 1390 1118 diversis

238 1139 364 1205 vicibus
383 1141 437 1203 sd.
487 1138 588 1222 [Item
611 1138 698 1224 apud
718 1138 935 1224 Byllyngham
959 1140 1012 1204 sd.
1029 1141 1138 1203 struck
1158 1138 1238 1222 out]
1287 1139 1336 1204 Et
1357 1140 1391 1205 in

238 1226 348 1311 vigilia
370 1225 544 1290 Cuthberti
565 1247 624 1312 pro
648 1224 798 1311 expensis
821 1224 899 1289 bina
922 1227 991 1291 vice
1022 1225 1057 1289 in
1079 1226 1176 1290 Novo
1200 1225 1320 1290 Castro
1339 1229 1390 1292 sd.

240 1313 337 1393 Item,
363 1320 404 1377 10
420 1311 632 1396 Septembris,
655 1312 690 1375 in
705 1312 802 1377 Novo
819 1310 936 1377 Castro
953 1314 1005 1376 ad.
1049 1313 1096 1377 Et
1117 1312 1223 1376 eidem
1242 1313 1277 1376 in
1293 1312 1390 1378 Novo

241 1399 358 1464 Castro
379 1399 463 1464 trina
476 1399 547 1464 vice
562 1401 615 1463 cd.
660 1398 746 1463 Item
762 1398 867 1462 eidem
881 1398 917 1462 in
931 1398 1029 1463 Novo
1046 1398 1174 1478 Castro,
1199 1405 1215 1462 1
1234 1399 1388 1464 Octobris

239 1488 293 1551 4d.
339 1487 435 1565 Item,
451 1492 470 1549 8
487 1484 652 1565 Octobris,
671 1484 804 1565 ibidem,
824 1485 877 1550 2ἀ.
922 1486 1019 1565 Item,
1042 1485 1245 1564 90ctobris,
1268 1486 1389 1552 ibidem

240 1575 293 1637 22.
314 1616 319 1627 ,
337 1573 384 1637 Et
403 1571 519 1651 eidem,
545 1579 561 1636 1
586 1570 795 1650 Novembris,
819 1572 907 1658 apud
929 1572 1046 1658 Sheyls
1065 1574 1119 1637 sd.
1165 1572 1250 1637 Item
1274 1572 1390 1652 eidem,

243 1667 282 1723 12
298 1658 507 1736 Novembris,
529 1657 616 1742 apud
631 1659 765 1723 Novum
781 1659 941 1730 Castmm,
953 1660 1007 1723 nd.
1051 1659 1098 1722 Et
1115 1659 1220 1723 eidem
1236 1667 1289 1738 26,
1306 1659 1390 1746 apud

241 1746 374 1812 Novum
391 1744 543 1808 Castrum
558 1745 609 1809 ed.
654 1746 701 1809 Et
715 1744 820 1809 eidem
834 1746 870 1808 in
885 1745 983 1810 Novo
999 1744 1114 1810 Castro
1126 1748 1179 1811 Qd.
1224 1746 1271 1810 Et
1286 1747 1390 1812 eidem

241 1832 275 1897 in
291 1833 388 1897 Novo
404 1830 520 1897 Castro
537 1833 590 1896 od.
634 1832 680 1895 Et
700 1831 805 1896 eidem
825 1831 860 1895 in
882 1832 980 1897 Novo
996 1831 1112 1897 Castro
1128 1835 1180 1897 sd.
1225 1833 1271 1897 Et
1287 1833 1390 1898 eidem

242 1917 1391 2092 {sltslssllstlsissdissiliit&dimittis?

243 2093 365 2158 swerde
381 2092 485 2156 eidem
502 2094 555 2157 ad.
599 2093 646 2157 Et
660 2092 696 2156 in
710 2093 808 2157 Novo
825 2092 941 2157 Castro
951 2092 1029 2158 bina
1042 2093 1113 2158 vice
1128 2096 1180 2159 ld.
1225 2094 1271 2157 Et
1286 2093 1391 2159 eidem

242 2180 330 2266 apud
353 2177 530 2244 Hebbarne
551 2178 636 2243 trina
657 2179 728 2245 vice
751 2181 803 2243 od.
847 2179 894 2243 Et
916 2179 1020 2243 eidem
1043 2180 1130 2262 apud
1146 2178 1326 2245 Hebbarne
1341 2180 1392 2245 sd.

242 2267 290 2332 Et
315 2265 420 2330 eidem
444 2266 531 2352 apud
548 2265 725 2331 Hebbarne
745 2274 780 2329 et
799 2265 912 2329 Sheles
928 2266 980 2339 7d.
1024 2265 1070 2327 Et
1089 2264 1194 2328 eidem
1213 2263 1300 2328 trina
1324 2266 1392 2332 vics

243 2353 331 2438 apud
354 2352 541 2433 Hebbarne,
566 2360 605 2416 25
630 2351 757 2428 Marcii,
778 2352 831 2414 cd.
876 2351 921 2414 Et
945 2349 1109 2413 eidemin
1130 2348 1238 2434 vigilia
1257 2351 1392 2418 Paschae

242 2462 308 2504 una
321 2438 391 2504 vioe
405 2438 526 2504 ibidem
541 2441 594 2502 sd.
638 2439 684 2501 Et
698 2436 804 2500 eidem
818 2435 906 2520 apud
921 2436 1138 2522 Byllyngham
1152 2435 1187 2499 in
1202 2436 1393 2505 collectione

244 2526 376 2592 decimae
400 2548 459 2612 pro
482 2523 633 2611 expensis
653 2543 713 2607 per
732 2531 752 2586 2
774 2521 843 2586 dies
863 2524 916 2586 sd.
960 2522 1007 2587 Er
1021 2522 1127 2587 eidem
1141 2529 1233 2609 per2
1250 2523 1321 2589 dles
1342 2527 1393 2592 sd.

243 2613 290 2678 Et
313 2614 418 2679 eidem
440 2634 500 2696 per
519 2617 539 2674 9
562 2610 642 2687 dies,
664 2608 781 2672 ultimo
802 2606 1014 2693 Septembris,
1042 2612 1115 2675 18d.
1159 2610 1206 2674 Et
1231 2610 1351 2692 eidem,
1375 2613 1392 2690 7

244 2701 371 2779 Marcii,
394 2698 471 2762 bina
495 2696 566 2761 vice
590 2695 676 2781 apud
695 2693 871 2760 Hebbarne
893 2698 945 2761 od.
990 2697 1037 2760 Et
1056 2696 1172 2777 eidem,
1196 2704 1235 2761 21
1258 2697 1393 2784 Aprilis,

243 2789 331 2874 apud
359 2781 581 2849 Sunderlande
607 2790 641 2847 et
665 2782 799 2847 Novum
829 2782 982 2848 Castmm
1011 2785 1065 2848 4d.
1109 2783 1156 2847 Et
1180 2784 1214 2848 in
1240 2785 1393 2869 expensis

242 2871 480 2939 veredariorum
496 2867 536 2932 de
551 2869 721 2956 Beurpark
734 2871 821 2954 apud
838 2869 997 2935 Cestriam
1012 2892 1072 2957 pro
1088 2870 1240 2936 allecibus
1258 2873 1312 2936 ed.
1349 2873 1393 2938 Et

244 2960 348 3025 eidem
365 2955 547 3021 Cuthberto
561 2978 622 3043 pro
643 2957 709 3021 sale
724 2957 810 3042 apud
825 2957 960 3023 Yarrow
974 2979 1113 3044 pannys,
1134 2959 1175 3033 27
1191 2958 1325 3042 Aprilis,
1341 2961 1393 3024 sd.

244 3047 290 3112 Et
304 3044 409 3108 eidem
424 3042 456 3107 in
474 3043 571 3108 Novo
588 3043 715 3122 Castro,
738 3051 756 3108 5
774 3043 866 3124 Maii,
890 3047 942 3109 22.
986 3045 1033 3108 Et
1050 3045 1155 3109 eidem
1170 3044 1254 3109 trina
1268 3044 1341 3110 vice
1361 3045 1392 3110 in

244 3133 342 3197 Novo
367 3131 493 3210 Castro,
520 3138 561 3195 10
585 3130 677 3209 Maii,
703 3131 754 3194 sd.
798 3129 845 3194 Et
866 3130 972 3195 eidem
995 3131 1029 3194 in
1051 3131 1159 3216 vigilis
1183 3133 1392 3198 Pentecostes

243 3240 303 3304 pro
319 3216 470 3304 expensis
486 3215 520 3281 in
535 3217 633 3282 Novo
650 3216 766 3283 Castro
778 3219 945 3284 cru-143.
961 3220 1013 3284 sd.

287 3392 469 3457 Exnausss
506 3392 650 3458 Teroua
687 3393 874 3458 Yuonann
911 3391 1242 3459 vastrorum-Et
1285 3394 1391 3461 eidem

244 3481 379 3545 Thomae
403 3480 491 3565 apud
517 3479 647 3564 Sheyle3
671 3480 724 3545 sd.
776 3479 823 3542 Et
846 3478 951 3544 eidem
977 3481 1064 3567 apud
1088 3480 1220 3567 Sheyle3
1249 3484 1303 3547 4d.
1350 3483 1393 3547 Et

245 3567 410 3632 eidemin
436 3567 534 3631 Novo
562 3567 678 3630 Castro
703 3567 756 3629 ad.
800 3565 846 3629 Et
875 3565 980 3630 eidem
1010 3567 1097 3651 apud
1121 3568 1319 3654 Hartylpulo
1344 3570 1392 3634 ad.

244 3655 291 3720 Et
305 3656 409 3720 eidem
425 3654 511 3739 apud
527 3653 637 3732 Shele3
655 3653 708 3716 sd.
752 3651 798 3716 Et
812 3653 918 3717 eidem
938 3654 1025 3740 apud
1041 3654 1236 3740 Hartylpule
1252 3657 1304 3721 sd.
1351 3656 1395 3722 Et

246 3743 350 3807 eidem
376 3740 464 3826 apud
486 3739 620 3804 Novum
636 3738 800 3818 Castrum,
822 3739 1028 3827 Hartylpule,
1044 3750 1078 3806 et
1093 3742 1230 3806 Chester
1257 3741 1393 3808 diversis

244 3829 369 3894 vicibus
397 3829 449 3891 sd.
493 3826 540 3888 Et
564 3825 728 3889 eidemin
750 3825 847 3891 Novo
872 3826 989 3892 Castro
1011 3829 1064 3892 4d.
1108 3828 1154 3892 Et
1176 3827 1281 3893 eidem
1297 3829 1396 3915 quina

244 3917 314 3981 vice
339 3913 461 3978 ibidem
490 3914 560 3976 10d.
606 3912 692 3976 Item
716 3914 767 3976 sd.
813 3913 859 3978 Et
884 3913 989 3978 eidem
1016 3913 1115 4000 quina
1138 3914 1208 3980 vice
1234 3914 1269 3978 in
1296 3916 1395 3982 Novo

246 4004 362 4067 Castro
381 4001 453 4063 rod.
497 3999 543 4062 Et
565 3998 681 4077 eidem,
699 4007 739 4063 10
755 3999 858 4086 Sept,
872 3999 907 4064 in
923 4000 1020 4065 Novo
1037 4000 1153 4066 Castro
1167 4023 1227 4086 pro
1243 4003 1396 4088 expensis

243 4089 321 4154 bina
334 4087 404 4152 vice
419 4087 470 4149 sd.
487 4094 520 4149 et
533 4084 567 4149 in
583 4085 715 4172 Sheyle3
732 4088 882 4152 2d.·-6d.
926 4087 1012 4153 Item
1026 4087 1132 4152 eidem
1151 4088 1186 4152 in
1201 4089 1300 4156 Novo
1318 4090 1397 4157 Oas-

245 4184 296 4240 tro
311 4173 395 4237 trine
410 4172 479 4237 rice
494 4174 546 4236 δά.
591 4173 637 4236 Et
661 4173 767 4237 eidem
791 4173 826 4236 in
842 4174 940 4238 Novo
956 4174 1072 4239 Castro
1095 4177 1147 4241 sd.
1191 4177 1238 4239 Et
1252 4176 1397 4243 eidem2

246 4259 398 4325 Octobris
422 4281 481 4344 pro
508 4259 657 4346 expensis
683 4260 718 4324 in
744 4259 841 4324 Novo
868 4259 984 4324 Castro
1010 4261 1145 4326 diversis
1169 4261 1297 4327 vicibus
1326 4266 1399 4330 lld.

247 4348 332 4412 Item
347 4346 382 4409 in
397 4346 493 4411 Novo
510 4345 626 4410 Castro
645 4346 731 4410 trina
744 4344 814 4410 vice
829 4348 881 4410 cd.
926 4348 972 4411 Et
995 4347 1099 4413 eidem
1120 4355 1139 4411 8
1155 4348 1313 4416 Octobris
1339 4351 1401 4418 ibi-

247 4435 321 4504 dem
333 4435 386 4502 ed.
430 4433 476 4500 Et
489 4433 594 4503 eidem
608 4441 628 4496 2
645 4430 841 4500 Novembris
856 4434 944 4521 apud
958 4432 1157 4523 shey1034u
1189 4435 1401 4509 Item-eidem
