2880 5046
321 461 502 506 nocnnsrm
526 463 790 507 pensaurensis
815 448 954 506 1533-4.
1150 439 1212 512 267

66 639 87 648 ··
105 612 152 675 Et
173 611 273 676 soluti
289 613 414 677 Simoni
430 614 639 701 Blewmynay
654 622 722 679 012
748 613 975 693 servientibus,
1002 612 1214 698 operantibus

58 697 102 762 ad
117 697 149 762 le
165 720 291 782 suspen,
302 700 397 784 juxta
412 722 534 765 novum
548 710 694 784 pontem,
706 721 764 784 per
780 709 793 762 l
809 700 906 778 diem,
924 702 998 764 1431.

106 784 153 847 Et
166 783 283 864 eidem,
296 795 332 848 et
349 786 477 849 duobus
493 785 720 866 servientibuS,
736 807 833 870 super
848 808 990 850 cameras
1007 783 1130 848 domini
1146 783 1217 847 Pri·

59 870 138 946 oris,
154 879 187 934 et
202 870 369 955 capellani,
388 893 447 955 per
464 879 479 934 1
497 870 682 936 diem-9d,

105 957 152 1020 Et
165 956 282 1035 eidem,
297 978 357 1041 pro
373 957 532 1021 effusione
550 964 563 1018 l
577 966 697 1042 gotter,
712 956 922 1042 ponderantis
934 964 975 1021 29
986 965 1095 1041 petras
1109 956 1218 1041 plum·

60 1039 107 1120 bi,
122 1063 183 1127 pro
197 1050 385 1106 tenemento
400 1042 423 1107 J
424 1041 516 1106 acobi
533 1042 684 1122 Garnett,
699 1045 770 1108 1231.

106 1128 153 1191 Et
163 1127 280 1206 eidem,
296 1138 329 1192 et
339 1127 466 1192 duobus
483 1129 708 1208 servientibus,
725 1128 935 1212 operantibus
951 1149 1049 1213 super
1061 1127 1218 1195 dormito-

60 1212 148 1277 rium
162 1223 196 1277 et
210 1215 241 1278 le
256 1214 450 1293 malthouse,
465 1236 524 1298 per
537 1220 558 1278 3
575 1214 655 1294 dies,
667 1236 724 1300 per
736 1215 823 1278 diem
838 1217 1002 1279 1431-33
1018 1216 1071 1277 631.

107 1299 154 1362 Et
168 1299 284 1378 eidem,
296 1321 357 1384 pro
375 1307 437 1362 100
452 1300 610 1385 lednayle,
625 1311 737 1385 empto
752 1322 812 1385 pro
827 1300 980 1385 operibus
996 1299 1151 1385 predictis
1163 1299 1217 1364 531.

64 1384 221 1468 [Quietus
239 1393 277 1448 13
295 1385 499 1464 Decembris,
514 1393 561 1449 53.
579 1389 652 1451 1031.
696 1389 738 1450 In
751 1386 919 1469 0133191133]

108 1471 155 1534 Et
178 1471 295 1548 eidem,
320 1493 381 1555 pro
405 1471 563 1536 effusione
588 1479 630 1535 20
645 1480 728 1555 petr.
743 1470 869 1556 plumbi
883 1472 917 1535 in
936 1480 950 1534 l
969 1471 1142 1557 brewleyd,
1156 1492 1217 1554 pro

63 1566 251 1622 tenemento
268 1556 405 1621 Milonis
430 1558 560 1636 Rutter,
583 1559 670 1642 apud
694 1559 927 1643 Meyryngton‚
947 1566 1063 1621 vocato
1080 1558 1218 1641 Ostery·

61 1643 178 1721 house,
193 1644 236 1707 ad
252 1645 515 1727 1131.Ρθ11.--23.
531 1645 583 1708 631.
634 1643 800 1726 [Quietus
820 1648 857 1716 17
875 1643 1077 1721 Decembris,
1103 1652 1151 1706 23.
1165 1645 1218 1706 631.

61 1731 105 1792 Ia
115 1729 281 1812 momina]
636 1786 639 1791 .

110 1815 158 1879 Et
171 1815 288 1895 eidem,
304 1821 324 1878 3
340 1814 468 1893 Marcii,
483 1836 543 1898 pro
560 1814 687 1879 duobus
711 1814 937 1894 servientibus,
963 1813 1047 1879 circa
1068 1815 1099 1878 le
1119 1836 1219 1879 coun-

61 1900 143 1965 deth
156 1900 191 1964 in
206 1901 283 1964 Alta
298 1900 396 1978 Silva,
410 1908 503 1984 perl
522 1901 619 1980 diem,
637 1903 721 1980 1031,
735 1901 880 1987 hardyne
895 1902 957 1979 131,
972 1912 1006 1965 01
1028 1902 1063 1965 in
1079 1900 1217 1985 pistrino

61 2006 123 2072 pro
138 1991 158 2070 ὲ
173 1986 237 2050 diei
251 1996 271 2049 2
283 2008 359 2050 men
376 1988 547 2051 531.-1631.

108 2072 154 2135 Et
168 2073 285 2151 eidem,
300 2093 360 2157 pro
376 2079 395 2135 3
410 2071 636 2150 servientibus,
652 2093 750 2156 super
761 2072 791 2134 le
807 2072 1000 2149 malthouse,
1011 2094 1070 2155 per
1087 2079 1102 2133 1
1122 2070 1220 2150 diem,

108 2244 156 2308 Et
170 2244 286 2322 eidem,
308 2265 368 2327 pro
393 2242 522 2306 duobus
545 2242 772 2322 servientibuS,
787 2264 845 2328 per
864 2242 1002 2322 3131133,
1019 2264 1116 2327 super
1131 2242 1220 2306 infir·

62 2329 210 2408 mariam,
224 2350 283 2415 per
298 2329 384 2392 diem
401 2330 565 2393 1031-23.
585 2331 657 2392 1131.

112 2417 158 2480 Et
172 2416 294 2480 eisdem
310 2415 414 2478 tribus
430 2413 570 2493 famulis,
591 2436 650 2499 per
665 2422 684 2478 2
701 2413 781 2495 dies,
797 2436 894 2499 super
909 2414 1064 2499 capellam
1079 2414 1221 2479 infirma-

65 2501 136 2579 riae,
151 2522 209 2585 per
224 2500 310 2565 diem
329 2503 494 2566 1431-23.
510 2501 563 2563 431.
685 2566 691 2577 ,
709 2556 712 2560 ,

111 2588 158 2651 Ε1
174 2586 301 2651 Simoni
316 2587 537 2672 Blewmynay,
553 2587 669 2651 eodem
685 2586 747 2664 die,
763 2607 822 2669 pro
838 2586 975 2671 canogio
994 2594 1009 2649 1
1027 2587 1071 2671 pl.
1094 2587 1222 2672 plumbi

68 2672 111 2737 ab
123 2673 235 2759 Eyshe
249 2693 353 2756 usque
374 2672 618 2750 monasterium,
636 2675 709 2736 1231.
737 2671 893 2755 [Quietus
908 2680 928 2736 3
942 2673 1070 2752 Marcii,
1085 2681 1152 2739 123.
1168 2677 1222 2739 ld.

68 2759 113 2824 Ia
127 2780 198 2823 mar
219 2761 279 2822 iae.
735 2800 739 2805 .

112 2844 158 2909 Et
172 2759 294 2923 cibem}
304 2865 363 2927 pro
379 2843 483 2908 tribus
499 2842 724 2921 servientibus,
741 2864 838 2927 super
863 2844 1038 2908 claustrum
1053 2852 1087 2908 et
1102 2845 1223 2907 dormi·

64 2928 595 3014 1011110,11012131103,Ῑ1013110111
615 2931 778 2994 1431-23.
797 2932 869 2994 1131.
907 2929 1057 3009 Quietus
1076 2937 1114 2993 12
1132 2931 1222 2993 Mar-

65 3016 120 3095 cii,
134 3038 192 3102 per
208 3015 371 3102 Gyllaym.

111 3104 158 3167 Et
172 3101 288 3183 eidem,
302 3123 362 3186 pro
378 3100 536 3165 effusione
560 3110 593 3165 et
612 3101 803 3185 operacione
819 3101 860 3176 27
872 3108 955 3185 petr.
977 3100 1060 3165 circa
1074 3101 1104 3165 le
1118 3101 1222 3187 beyff-

91 3198 169 3267 0113,
184 3189 237 3252 931.

65 3212 90 3275 p
112 3276 168 3354 Et,
186 3277 225 3348 17
241 3271 443 3352 Decembris,
470 3271 569 3336 soluti
592 3272 718 3336 Simoni
733 3272 955 3356 Blewmynay,
979 3295 1038 3357 pro
1064 3274 1221 3339 effusione

68 3367 111 3425 62
126 3369 208 3445 petr.
223 3357 361 3444 plumbi,
375 3379 435 3442 pro
450 3379 516 3420 una
531 3358 670 3429 cisterna
684 3358 717 3420 in
733 3358 763 3423 le
774 3359 940 3444 fyshouse,
949 3381 1008 3442 pro
1021 3360 1222 3424 salmonibus

69 3446 173 3524 salsis,
199 3446 241 3509 ad
266 3447 430 3520 1131-73
455 3446 507 3508 931.
552 3444 598 3507 Et
621 3445 737 3521 eidem,
760 3466 820 3528 pro
843 3443 923 3507 211).
948 3446 1154 3526 3013101831,
1180 3455 1223 3511 80

67 3532 180 3618 nayles
191 3534 245 3595 331.
275 3532 323 3594 Ε1
337 3530 482 3594 Roberto
499 3528 627 3614 Galyle,
640 3552 700 3614 pro
715 3531 839 3594 factura
858 3530 888 3593 le
909 3552 1014 3615 cayse,
1029 3540 1077 3596 33.
1092 3535 1145 3597 431.
1177 3535 1223 3598 Et

69 3616 221 3682 narratori
238 3618 252 3693 1
270 3616 331 3679 rod
345 3618 417 3679 1631.

115 3704 179 3768 Ρ10
202 3709 244 3765 62
260 3701 361 3788 petris
376 3700 515 3786 plumbi,
530 3701 570 3765 ad
585 3703 753 3765 531.-253.
783 3704 852 3766 1031.
897 3701 1033 3766 Summa
1054 3703 1224 3789 utriusque

68 3795 140 3855 393.
156 3790 209 3852 231.

112 3969 266 4032 Vrruun
291 3987 368 4031 cun
393 3964 772 4029 nurnaamourn-Et
797 3963 831 4027 in
855 3973 894 4027 21
922 3966 997 4049 ped.
1019 3964 1105 4044 vitri,
1132 3966 1166 4031 in
1192 3968 1222 4031 le

10 4067 12 4077 '
67 4055 224 4141 quarrels,
239 4052 357 4137 emptis
381 4052 421 4114 de
436 4051 458 4116 J
460 4052 587 4115 ohanne
604 4049 800 4128 Sanderson,
814 4071 873 4133 per
887 4051 920 4114 N
923 4052 1084 4116 icholaum
1101 4053 1223 4139 Pyker-

67 4161 167 4228 ynge,
185 4145 223 4204 15
240 4135 449 4214 Novembris,
465 4136 506 4199 ad
521 4137 573 4199 231.

113 4226 161 4290 Et
175 4223 274 4289 soluti
288 4223 406 4286 vicario
422 4223 463 4285 de
482 4222 652 4296 Alverton,
667 4241 726 4304 pro
741 4218 929 4285 vitriacione
944 4221 978 4284 in
988 4222 1086 4286 choro
1101 4224 1223 4290 ibidem

64 4321 162 4376 -23,
178 4313 230 4376 331.
277 4309 381 4391 [Nota
395 4329 454 4391 pro
470 4315 621 4391 compoto
641 4307 676 4370 in
691 4327 776 4369 anno
795 4312 887 4371 1534.
912 4307 952 4370 Ic
966 4311 1131 4394 momina]

114 4396 161 4462 Et
184 4395 283 4461 soluti
308 4393 451 4458 Roberto
468 4393 636 4470 Fawchus,
658 4414 718 4476 pro
744 4392 935 4476 operacione
953 4401 993 4457 12
1008 4396 1130 4478 pedum
1147 4421 1223 4484 ope-
