2880 5046
408 459 591 509 acciaens
616 459 880 512 nonannansra
905 449 1044 514 1530-1.
1262 457 1304 516 45

150 615 348 680 Nicholaum
365 615 438 682 elb.
455 618 609 682 correnc'.
661 619 707 682 Et
720 639 779 703 per
794 618 991 683 Nicholaum
1017 620 1193 686 Newsham
1220 630 1235 686 1
1249 623 1303 688 dd.

151 704 305 767 eorrenc'.
325 703 394 767 llb.
410 705 586 783 turnesolc,
609 705 708 768 missa
724 705 870 768 Insulam
886 705 1026 770 Sacram.
1072 709 1133 775 Per
1146 709 1304 775 famulum

149 810 261 854 meum
280 798 293 852 l
312 789 374 853 loff
393 812 487 874 suger
502 790 597 865 5315.
613 791 686 856 alb.
702 814 893 877 prunorum.

194 876 246 939 De
256 877 410 960 magistro
428 877 641 961 Swynbume.
686 878 772 942 Item
790 884 805 940 1
823 879 946 959 hamer,
964 886 979 942 1
998 901 1074 960 saw,
1093 889 1105 944 l
1121 903 1201 979 payr
1215 905 1304 948 com·

148 983 278 1047 passys,
296 969 311 1025 1
329 962 405 1041 bed,
421 969 441 1026 6
457 965 644 1050 qushyns,
663 972 676 1027 l
694 965 817 1029 hamer.

196 1047 210 1130 [
212 1093 383 1114 ......
407 1070 447 1114 ex
462 1060 588 1130 mutu0,
616 1057 654 1116 13
672 1050 838 1132 Octobris,
864 1072 923 1136 per
950 1051 1118 1118 Simonem
1142 1056 1303 1122 famulum

150 1157 246 1199 suum
262 1138 304 1199 51.
877 1164 880 1169 “

195 1220 292 1301 Item,
309 1227 348 1286 13
366 1221 520 1287 Octobris
538 1230 634 1302 1530,
659 1224 694 1287 in
742 1224 856 1289 ecunia
878 1234 1008 1310 recepta
1034 1227 1074 1292 de
1100 1228 1302 1294 incremento

151 1308 474 1392 (291000163401.
535 1310 622 1374 Item
646 1317 687 1374 29
737 1310 824 1376 3101).
850 1311 917 1394 (17)
942 1321 990 1376 23.
1005 1314 1058 1376 td.
1119 1315 1205 1380 Item
1227 1325 1302 1382 anta

149 1394 268 1459 Natale
285 1396 375 1479 (122)
393 1402 462 1461 303.
478 1398 531 1461 sd.
560 1398 601 1462 Ia
615 1396 779 1480 marytre]

206 1621 529 1729 DELIBERAOIO
564 1663 792 1730 FABARUM
827 1664 917 1729 PER
950 1664 1243 1733 NIOHOLAUM

452 1767 709 1848 NEWSHAM,
732 1767 866 1834 ΑΝΝΟ
892 1774 986 1834 1530.

193 1929 233 1992 In
264 1930 389 2015 primis,
415 1931 549 1995 terrario
573 1937 595 1994 4
618 1930 691 1995 bus.
752 1932 798 1994 Et
819 1932 954 1996 Thomae
979 1932 1060 2018 Sayr
1083 1940 1102 1995 3
1122 1932 1194 1996 bns.
1255 1933 1302 1999 Et

147 2014 293 2080 Johanni
309 2017 432 2080 Bukler
449 2025 467 2079 2
484 2017 557 2081 bus,
602 2017 648 2079 Et
671 2017 812 2101 Georgio
837 2018 957 2103 Nycoll
980 2017 1084 2081 lbus.
1130 2020 1176 2083 Et
1200 2019 1301 2105 priori

148 2103 189 2164 de
201 2101 360 2184 Fynkball
372 2110 385 2164 l
399 2102 472 2166 bus.
508 2104 554 2165 Et
565 2103 738 2167 camerario
757 2111 772 2165 1
791 2125 844 2187 qu.
858 2112 876 2165 2
889 2103 960 2167 bus.
972 2104 1116 2187 pisarum
1132 2106 1173 2168 ad
1185 2127 1300 2169 manus

148 2187 302 2258 Richardi
318 2188 532 2274 Commynge.
577 2189 624 2254 Et
637 2188 789 2253 Americo
802 2189 919 2253 Dande
935 2197 954 2251 3
970 2189 1043 2253 bus.
1059 2211 1118 2273 pro
1130 2212 1234 2255 cerva.

147 2552 369 2622 Pncnnnn
393 2555 708 2621 nanrnnnarm
731 2555 916 2620 anona
942 2505 1163 2620 cannam
1165 2601 1298 2622 ......

408 2659 672 2726 mrcnanms
700 2659 753 2724 in
775 2659 909 2725 anno
936 2667 1029 2725 1530.

189 2849 230 2913 In
246 2850 359 2936 primis
375 2850 549 2916 deliberavi
571 2851 676 2915 eidem
691 2850 838 2927 Thornae‚
865 2857 883 2911 5
902 2848 1067 2926 Octobris,
1094 2870 1153 2930 pro
1177 2851 1300 2914 sotula-

144 2935 235 3001 ribus
255 2940 326 3001 rad.
373 2938 417 3000 Et
431 2937 537 3000 eidem
558 2958 618 3020 pro
634 2936 802 3018 empcione
824 2934 1024 3011 sotularium,
1051 2941 1071 2995 3
1096 2934 1298 3016 Decembris,

147 3025 221 3087 lOd.
266 3023 312 3085 Et
327 3023 442 3099 eidem,
459 3030 476 3083 5
496 3021 623 3098 Marcii,
640 3028 686 3082 23.
698 3023 751 3083 ad.
796 3020 842 3080 Et
857 3019 962 3081 eidem
973 3019 1108 3082 Thomae
1124 3020 1164 3081 ad
1180 3030 1298 3086 nutum

144 3108 258 3173 matris
282 3129 360 3184 suae,
386 3107 420 3169 in
436 3106 544 3191 precio
563 3114 577 3168 1
597 3128 724 3190 seayme
752 3105 945 3182 salmonum,
971 3126 1037 3188 prae
1064 3105 1226 3185 manibus,
1248 3115 1297 3173 43.

144 3197 164 3270 7
181 3194 302 3278 Aprilis
318 3193 404 3257 idem
421 3193 518 3256 solvit
528 3193 561 3257 in
580 3200 595 3256 1
614 3214 743 3277 seayme
754 3191 935 3256 salmonum
952 3213 1037 3254 anno
1056 3198 1149 3269 1530,
1171 3200 1215 3256 83.
1253 3194 1299 3259 Ε1

144 3280 284 3366 quietus.
330 3280 376 3345 Et
388 3279 495 3344 eidem
511 3281 645 3344 Thomae
661 3300 701 3343 ex
714 3287 839 3356 mutuo,
855 3286 872 3340 5
885 3278 1025 3362 Augusti
1041 3300 1126 3342 anno
1139 3283 1234 3360 1531,
1249 3288 1296 3347 43.

143 3377 179 3434 31
192 3366 382 3452 perdonavi,
398 3376 431 3431 et
446 3366 586 3451 quietus.

211 3637 350 3703 PORCI
374 3638 427 3702 IN
451 3637 705 3702 BEURPARK
730 3638 769 3713 17
794 3635 947 3702 Octobris
970 3632 1103 3699 ANNO
1129 3642 1224 3700 1530.

188 3801 235 3866 Et
258 3799 420 3865 Clementi
437 3799 548 3863 Η3115
566 3798 666 3883 porci.
726 3798 772 3861 Et
791 3798 910 3861 relictae
926 3796 1067 3860 Newton
1087 3805 1105 3859 5
1123 3796 1213 3880 porci
1235 3797 1296 3861 ibi-

142 3889 229 3953 dem.
275 3887 320 3950 Et
346 3886 490 3951 Roberto
517 3885 688 3970 Reydman
713 3889 735 3946 4
760 3884 861 3967 porci.
914 3883 960 3945 Et
983 3882 1128 3947 Iohanni
1155 3883 1295 3946 Newton

142 3973 264 4040 seniori
289 3981 310 4035 4
336 3973 435 4057 porci.
489 3973 535 4035 Et
549 3972 685 4035 Thomoe
711 3969 872 4053 Moryson
898 3975 918 4030 6
944 3969 1044 4052 porcI,
1070 3968 1158 4031 unde
1181 3976 1200 4030 3
1220 3990 1295 4033 cum

140 4061 230 4125 dicto
253 4059 407 4143 magistro
422 4057 585 4122 Iohannis
602 4055 704 4118 Holb.
764 4055 809 4116 Et
824 4054 970 4118 Johanni
984 4052 1154 4116 Alandson
1173 4060 1204 4120 6.
1249 4055 1296 4120 Et

140 4145 321 4212 Willielmo
337 4144 501 4208 Bernarde
518 4145 548 4219 7.
593 4142 639 4205 Et
649 4138 772 4204 famulo
787 4139 933 4224 ejusdem
948 4146 979 4203 3.
1020 4140 1092 4203 lad.
