2880 5046
80 4480 166 4744 1

225 451 267 509 56
647 463 760 509 unna
783 463 960 511 3333333

269 616 363 681 Uxor
377 615 507 681 Ricardi
530 617 608 682 Hall
627 639 686 704 per
700 641 821 684 annum
846 626 894 683 83.
939 617 1037 683 Unde
1063 615 1161 681 soluti
1186 614 1293 680 eidem
1320 637 1380 703 per

224 704 377 768 moritum
391 703 426 767 in
442 704 493 768 die
510 705 620 769 Sancti
635 705 769 770 Thomae
785 704 935 792 apostoli,
958 714 991 768 et
1006 703 1124 789 quieta.

267 790 436 855 «lohannes
451 791 649 856 Wodmosse
671 814 729 876 per
744 816 866 856 annum
881 799 929 856 33.
974 791 1071 857 Unde
1095 789 1193 854 soluti
1215 788 1377 855 eidemin

225 877 277 941 die
293 877 402 942 Sancti
415 878 550 941 Thomae
566 879 715 962 apostoli,
738 888 771 943 et
786 880 925 964 quietus.

269 964 435 1048 Margaret
451 963 556 1050 Kaley
575 987 771 1049 perannum
793 973 840 1030 83.
887 965 985 1030 Unde
1010 963 1109 1030 soluti
1129 963 1223 1031 dicte
1247 963 1376 1030 mulieri

223 1072 281 1135 per
297 1051 335 1116 C.
352 1052 449 1135 Pape,
472 1060 506 1115 et
520 1051 638 1136 quieta.

268 1138 446 1202 Nieholaus
463 1137 565 1222 Crage
584 1161 642 1224 per
664 1161 786 1203 annum
802 1146 849 1203 33.
895 1140 994 1205 Unde
1009 1139 1107 1204 soluti
1123 1137 1228 1204 eidem
1243 1161 1303 1224 per
1319 1140 1375 1204 do-

223 1223 349 1290 minum
365 1224 542 1310 Georgium
559 1226 737 1291 Cornfurth
759 1227 793 1291 in
808 1226 916 1312 vigilia
943 1227 1054 1292 Sancti
1067 1227 1203 1292 Thomae
1224 1227 1374 1312 apostoli,

223 1319 257 1375 et
272 1312 411 1395 quietus.

514 1597 742 1664 EXPENSAE
766 1597 1080 1667 NECESSARIAE.

266 1810 400 1882 Touem
428 1836 674 1882 3111333333
702 1817 972 1882 Muonuswuun
999 1839 1044 1881 nu
1073 1816 1315 1881 Home-Et
1339 1815 1374 1880 in

222 1902 373 1969 tonsione
389 1903 498 1967 ovium
513 1904 600 1989 apud
612 1904 732 1968 Holme
747 1905 809 1969 hoc
821 1926 918 1984 anno,
929 1925 987 1987 per
996 1903 1106 1967 billam
1114 1902 1235 1982 ballivi,
1246 1911 1314 1967 143.
1323 1904 1374 1967 831.

223 1991 270 2054 Et
283 1991 318 2054 in
334 1990 466 2055 dimidio
483 2000 674 2075 sumptuum
696 1992 730 2055 in
754 1991 905 2055 tonsione
926 1991 1036 2056 ovium
1058 1990 1146 2074 apud
1169 1987 1377 2074 Mugleswyk

221 2099 280 2162 per
295 2078 495 2162 capellanum
519 2080 627 2142 9s.4d.
672 2078 718 2141 Et
740 2077 775 2141 in
800 2078 960 2163 pakthred
983 2078 1024 2143 de
1043 2077 1171 2141 'l'homa
1194 2077 1307 2140 Potter
1323 2077 1376 2140 231.

224 2164 388 2230 Convenit
402 2164 436 2229 in
451 2175 603 2250 compoto
618 2173 656 2229 ut
671 2174 745 2231 stat.

268 2339 458 2404 Fanoamo
484 2360 570 2402 3331
601 2358 702 2401 noun
733 2337 988 2400 Bnawanana.
1033 2335 1088 2412 Et,
1106 2339 1145 2397 16
1160 2331 1251 2413 Julii,
1275 2336 1378 2400 soluti

224 2424 368 2489 Roberto
385 2425 573 2508 Reydmane
588 2444 648 2506 pro
663 2422 837 2486 falcacione
852 2431 895 2487 40
910 2420 1123 2485 diurnitatum
1139 2420 1226 2506 apud
1239 2444 1378 2506 parcum

223 2511 264 2574 ad
290 2512 457 2574 631-203.
502 2509 548 2572 Et
571 2509 677 2572 eidem
701 2507 857 2588 Roberto,
884 2507 1075 2593 5Augusti,
1092 2514 1162 2573 403.
1207 2507 1254 2571 Et
1269 2508 1377 2574 eidem

222 2619 282 2682 pro
297 2596 471 2661 falcaoione
491 2602 526 2658 15
545 2593 758 2660 diurnitatum
775 2597 821 2671 73.
837 2597 890 2661 631.
935 2595 1069 2661 Summa
1084 2597 1152 2670 673.
1169 2596 1220 2658 631.

266 2771 455 2836 ancacto
477 2789 621 2835 333313
643 2789 805 2835 omanus
830 2790 950 2836 33333
973 2767 1259 2836 Douanun-Et
1274 2770 1376 2836 soluti

221 2858 358 2922 Matheo
374 2857 575 2943 Robyngson
598 2877 657 2940 pro
672 2857 847 2922 faloacione
865 2861 905 2922 10
920 2879 1065 2922 acrarum
1088 2857 1172 2941 prati
1188 2878 1286 2943 super
1301 2858 1376 2922 Pel-

221 2945 354 3031 loleye3‚
376 2943 503 3025 cJulii,
530 2944 736 3009 331631-53
781 2945 828 3008 Et
852 2945 968 3024 eidem,
995 2944 1121 3023 7Julii,
1146 2943 1244 3007 soluti
1267 2964 1327 3028 pro
1356 2947 1374 3020 7

222 3032 303 3097 acris
318 3034 352 3095 in
367 3054 433 3096 una
448 3033 594 3096 clausura
609 3040 643 3096 et
658 3039 676 3096 5
695 3031 775 3096 acris
790 3031 824 3095 in
840 3032 901 3096 alia
916 3033 1064 3096 clausura
1078 3031 1119 3094 ad
1135 3032 1279 3094 631-63,
1317 3031 1375 3111 Et,

226 3126 265 3182 16
280 3118 372 3197 Julii,
388 3120 486 3183 soluti
501 3119 604 3183 eidem
622 3119 758 3182 Matheo
782 3127 816 3182 et
839 3119 934 3183 sociis
955 3140 1014 3203 pro
1036 3117 1210 3181 faloaoione
1229 3125 1264 3180 11
1289 3139 1376 3181 acra·

222 3227 295 3269 rum
312 3205 396 3290 prati
410 3206 445 3268 in
462 3205 763 3290 Hyndeleygarthe3
782 3205 822 3268 ad
834 3208 979 3269 oct-5⁸.
995 3207 1047 3268 631.
1078 3204 1124 3267 Et
1139 3204 1237 3267 soluti
1252 3203 1376 3268 eisdem

221 3314 282 3377 pro
297 3291 470 3356 1313331333
483 3291 637 3355 clausurae
652 3300 773 3355 vocatae
786 3291 939 3355 Holcroft
954 3290 1149 3355 continentis
1165 3298 1208 3354 20
1223 3312 1323 3370 acrae,
1336 3313 1376 3356 ex

223 3378 442 3443 convencione
467 3378 502 3440 13
528 3399 651 3460 grosso,
677 3384 743 3440 103.
787 3378 834 3440 Et
857 3377 955 3440 soluti
979 3378 1101 3441 eisdem
1125 3398 1184 3461 pro
1199 3377 1376 3442 falcaoione

223 3465 380 3530 clausurae
404 3473 527 3529 vocatae
552 3463 861 3550 Northravynsflatt,
882 3485 923 3528 ex
947 3463 1166 3528 convencione
1191 3464 1226 3527 in
1249 3486 1375 3548 grosso,

227 3559 294 3616 183.
339 3552 385 3615 Et
399 3550 498 3615 soluti
518 3550 640 3613 eisdem
662 3572 722 3634 pro
739 3558 776 3613 11
796 3550 1025 3615 diurnitatibus
1047 3550 1082 3613 in
1097 3573 1213 3634 magna
1228 3550 1376 3615 clausura

222 3638 344 3703 ibidem
369 3638 404 3701 in
426 3636 653 3722 Ravyngsflatt
673 3637 713 3699 ad
729 3639 874 3701 631-53.
891 3639 942 3701 631.
987 3638 1033 3700 Et
1055 3637 1154 3700 soluti
1176 3636 1309 3717 eisdem,
1334 3645 1376 3701 20

223 3725 375 3809 Augusti,
397 3745 456 3810 pro
478 3723 651 3788 faloacione
678 3730 717 3787 14
734 3724 947 3787 diurnitatum
969 3723 1003 3786 in
1026 3723 1139 3788 eadem
1161 3726 1318 3803 clausura,
1334 3723 1376 3788 ad

224 3812 368 3887 6d.-⁶7c
384 3812 437 3876 ad.
482 3810 528 3874 Et
542 3809 664 3874 eisdem
686 3832 745 3895 pro
771 3818 811 3875 10
833 3809 1063 3875 diurnitatibus
1078 3809 1113 3872 13
1128 3809 1214 3874 diota
1229 3810 1376 3875 clausura

223 3899 423 3964 331631-53.

268 4073 463 4138 Looaucto
492 4091 578 4135 nunt
601 4089 701 4136 Aeon
725 4072 978 4137 1133333333.
1024 4070 1070 4135 Et
1096 4069 1240 4135 Roberto
1267 4072 1377 4158 Reyd-

224 4181 312 4238 man‚
332 4165 370 4222 16
385 4158 477 4236 Julii,
492 4179 552 4243 pro
576 4157 712 4223 diversis
739 4158 941 4223 luctantibus
965 4159 1079 4222 fenum
1096 4164 1164 4224 103.
1209 4159 1256 4221 Et
1271 4158 1378 4224 eidem

227 4244 370 4309 Roberto
385 4266 443 4330 per
457 4245 614 4310 famulum
636 4266 757 4325 meum,
768 4245 802 4308 in
813 4245 922 4329 vigilia
936 4244 1149 4330 Magdalenae,
1172 4245 1259 4328 apud
1275 4245 1380 4311 Beur-

224 4331 318 4416 park,
331 4338 396 4396 133.
412 4333 464 4395 431.
511 4331 556 4397 Et
581 4332 687 4396 eidem
702 4330 857 4410 Roberto,
875 4339 891 4394 5
906 4331 1060 4417 Augusti,
1074 4339 1145 4397 203.
1190 4332 1237 4398 Et
1260 4331 1380 4412 eidem,

230 4420 268 4484 15
285 4419 437 4506 Augusti,
455 4426 521 4488 103.
567 4415 612 4484 Et
625 4416 742 4500 eidem,
758 4418 799 4496 27
815 4417 967 4504 Augusti,
979 4425 1026 4485 63.
1041 4420 1094 4486 831.
