2880 5046
410 471 593 522 nconnsnn
618 471 880 523 nunnnxxnsrs
908 463 1043 524 1530-1.
1261 462 1298 523 13

148 649 225 692 cum
240 649 307 693 uno
323 650 421 714 porco
438 629 563 694 marino
586 631 638 694 6d.
683 631 728 695 Et
743 630 775 694 in
793 631 942 715 expensis
959 631 1094 697 Roberti
1109 632 1190 696 Best
1205 640 1238 696 et
1252 632 1299 696 fa-

148 715 228 778 muli
241 716 305 780 mei
319 718 353 780 in
370 719 467 783 Novo
484 717 599 780 Castro
616 719 668 791 7d.
713 718 759 781 Et
772 716 807 780 in
822 719 973 802 expensis
988 719 1108 782 ibidem
1124 741 1182 803 per
1196 720 1299 782 famu-

148 800 217 864 lum
233 823 342 867 meum
362 806 414 867 ld.
460 804 506 866 Et
520 825 578 887 per
592 805 751 867 Thomam
768 804 870 867 Blunt
885 805 971 888 apud
987 805 1119 889 Sheyle3
1141 808 1208 868 rad.
1252 806 1299 869 Et

148 910 207 972 per
219 890 356 953 eundem
370 890 529 954 Thomam
541 889 736 954 &famulum
752 913 861 955 meum
877 892 910 954 in
923 893 1020 955 Novo
1032 891 1147 955 Castro
1164 892 1298 956 diversis

146 974 272 1038 vicibus
301 979 373 1040 led.
432 978 478 1040 Et
501 999 559 1060 per
583 977 740 1041 famulum
770 1000 879 1042 meum
909 978 943 1041 in
974 979 1071 1043 Novo
1110 978 1225 1042 Castro
1258 980 1297 1055 17

147 1061 340 1126 Decembris
360 1065 412 1127 ed.
472 1064 518 1127 Et
539 1086 598 1150 per
618 1065 695 1127 fam.
713 1087 758 1127 m.
780 1064 814 1127 in
837 1065 896 1128 ΝΟ.
919 1065 972 1130 C⁰.
998 1070 1016 1139 7
1042 1065 1117 1130 Jan.
1140 1067 1193 1128 ld.
1251 1066 1299 1131 Et

149 1147 309 1213 Nioholao
339 1149 515 1215 Newsham
549 1151 637 1235 apud
667 1150 871 1214 Sunderland
896 1155 948 1214 ed.
1009 1152 1054 1216 Et
1083 1152 1117 1216 in
1146 1155 1297 1236 expensis

148 1233 273 1300 domini
297 1236 415 1301 Prioris
442 1247 475 1302 et
501 1239 538 1314 17
563 1236 756 1301 famulorum
788 1236 875 1321 apud
899 1284 1134 1302 ........
1156 1238 1296 1303 infesto

148 1319 276 1384 Mathei
300 1323 439 1408 apostoli
469 1345 544 1386 cum
567 1322 699 1387 domino
725 1321 892 1406 Episcopo
916 1345 974 1407 per
998 1322 1109 1386 billam
1131 1324 1298 1389 Willielmi

148 1452 432 1472 ......
478 1409 564 1472 Item
589 1408 624 1471 in
650 1408 826 1472 elemosina
848 1409 969 1473 ibidem
992 1430 1032 1472 ex
1053 1418 1207 1494 precepto
1225 1412 1296 1475 rsd.

149 1493 196 1556 Et
218 1493 251 1555 in
279 1494 491 1578 expensis..
519 1542 526 1558 .
556 1543 563 1558 .
591 1540 599 1558 .
627 1539 664 1558 ..
690 1542 697 1560 .
726 1542 733 1559 .
756 1495 892 1559 noviciis
919 1496 1005 1579 apud
1027 1496 1155 1560 ordines
1176 1496 1295 1561 ibidem

147 1585 196 1643 43.
213 1582 265 1644 sd.
310 1580 355 1644 Et
369 1580 403 1644 in
427 1580 579 1666 expensis
595 1581 719 1645 domini
738 1581 858 1644 Prioris
882 1581 1003 1645 ibidem
1018 1589 1038 1644 3
1060 1580 1206 1645 Januarii
1221 1605 1296 1647 cum

150 1672 189 1728 18
206 1666 305 1751 equis,
319 1666 469 1732 videlicet
483 1667 516 1731 in
532 1668 678 1731 horsmet
694 1675 739 1731 23.
756 1670 808 1731 6d.
824 1676 857 1731 et
877 1668 911 1731 in
934 1667 1060 1731 cibariis
1084 1667 1296 1732 serviencium

147 1759 194 1817 33.
210 1753 353 1817 lde-bs.
370 1756 439 1819 rod.
485 1754 530 1818 Et
540 1754 575 1817 in
590 1754 740 1838 expensis
753 1753 876 1817 domini
891 1755 977 1838 apud
992 1753 1164 1818 Auklande
1182 1762 1219 1817 15
1234 1756 1296 1819 Fc-

146 1837 267 1902 bruarii
278 1861 353 1904 cum
368 1849 412 1905 20
426 1840 517 1924 equis
530 1839 602 1922 (83.)
620 1850 654 1905 et
670 1843 709 1916 17
724 1839 937 1904 servientibus
957 1842 1015 1922 (73.
1032 1842 1095 1924 ed.)
1117 1862 1153 1904 ao
1169 1841 1295 1905 duobus

147 1925 320 2008 capellanis
336 1948 394 2007 per
407 1949 506 1990 unam
521 1934 651 1991 noctem
666 1926 787 1991 ibidem
804 1933 871 1990 153.
888 1929 940 1990 9d.
1262 1935 1264 1939 ’

192 2011 238 2074 Et
252 2011 286 2073 in
302 2013 452 2094 expensis
468 2022 487 2074 4
504 2013 669 2076 Februarii
684 2034 741 2097 per
756 2014 912 2076 famulum
927 2035 1037 2076 meum
1051 2013 1086 2076 in
1102 2013 1199 2079 Novo
1216 2013 1297 2078 Cas-

146 2105 198 2160 tro
214 2098 265 2160 3d.
312 2098 358 2160 Et
383 2099 417 2160 in
440 2099 591 2181 expensis
618 2099 711 2161 factis
732 2099 861 2160 famulis
885 2099 1029 2182 magistri
1055 2100 1235 2163 Mathoson
1261 2102 1296 2164 in

146 2183 244 2248 Novo
263 2183 378 2248 Castro
404 2183 559 2248 deferenti
583 2191 601 2247 2
623 2184 789 2269 hogeshed
809 2184 876 2246 vini
899 2184 1031 2247 domino
1053 2185 1157 2248 Priori
1173 2195 1206 2248 et
1219 2186 1292 2250 bura

146 2271 229 2334 sario
255 2271 327 2334 rod.
373 2271 459 2335 Item
476 2292 534 2354 per
549 2270 706 2335 famulum
729 2293 838 2334 meum
862 2270 984 2334 ibidem
1005 2273 1059 2337 cd.
1105 2272 1189 2334 Item
1214 2271 1248 2335 in
1275 2280 1294 2336 3

144 2356 258 2440 glassis
289 2357 408 2443 emptis
436 2359 510 2421 20d.
551 2357 597 2421 Et
625 2379 683 2441 per
708 2357 905 2421 Nioholaum
935 2357 1112 2421 Newsham
1140 2357 1175 2420 in
1198 2358 1295 2423 Novo

147 2442 263 2507 Castro
292 2444 342 2519 id.
387 2444 433 2506 Et
457 2444 492 2506 in
516 2442 592 2507 vino
619 2444 789 2508 malvatico
814 2453 924 2528 empto
951 2466 1010 2527 pro
1027 2445 1158 2508 domino
1175 2444 1295 2510 ibidem

146 2535 192 2592 33.
210 2532 261 2593 ad.
307 2530 353 2592 Et
366 2552 425 2614 pro
442 2529 592 2615 expensis
615 2530 695 2593 meis
718 2530 752 2592 in
776 2530 902 2593 Cestria
917 2530 958 2593 ad
974 2531 1142 2594 dominum
1158 2532 1295 2618 Lomley

144 2637 219 2678 cum
241 2616 448 2700 navigacione
471 2618 556 2680 ultra
580 2638 695 2700 aquam
715 2619 785 2680 lOd.
830 2618 876 2681 Et
897 2639 955 2701 per
970 2618 1165 2681 Nioholaum
1181 2619 1295 2683 News-

144 2702 221 2764 ham
236 2702 270 2765 in
291 2703 441 2787 expensis
457 2703 491 2766 in
507 2704 604 2766 Novo
622 2702 736 2766 Castro
752 2705 804 2766 4d.
850 2705 895 2766 Et
916 2727 974 2788 per
995 2705 1176 2768 Robertum
1196 2704 1296 2791 Syme

144 2809 204 2874 pro
220 2790 374 2874 expensis
389 2790 476 2874 apud
491 2789 618 2875 Aykley
634 2798 666 2853 et
680 2788 757 2853 alibi
771 2790 805 2851 in
817 2789 919 2873 patria
932 2793 983 2853 Sd.
1008 2791 1053 2854 Et
1067 2813 1127 2875 pro
1143 2793 1294 2875 expensis

144 2874 226 2939 meis
241 2875 275 2938 in
287 2876 440 2939 Aukland
455 2899 529 2940 curn
545 2875 698 2959 magistro
710 2876 808 2939 Clerk
820 2886 852 2938 et
864 2876 933 2938 aliis
946 2876 1160 2939 existentibus
1172 2877 1293 2940 ibidem

144 2960 186 3023 ad
201 2969 319 3024 nutum
334 2961 457 3023 domini
473 2962 629 3044 Episcopi
648 2969 694 3022 33.
713 2964 784 3024 lld.
829 2962 875 3021 Et
896 2962 930 3021 in
946 2962 1095 3042 expensis
1111 2983 1169 3044 per
1190 2963 1293 3026 farnu-

143 3046 213 3108 lum
229 3067 338 3108 meum
360 3046 395 3107 in
410 3047 507 3108 Novo
525 3046 640 3108 Castro
657 3047 709 3108 dd.
754 3046 800 3107 Et
814 3045 848 3106 in
864 3047 1013 3127 expensis
1028 3047 1163 3108 Thomae
1179 3048 1295 3111 Foster

144 3132 231 3216 apud
249 3131 401 3194 Hexham
418 3138 458 3194 16
473 3130 594 3214 Aprilis
612 3133 684 3194 ldd.
715 3131 760 3194 Et
774 3130 807 3192 in
824 3131 973 3213 expensis
986 3132 1065 3195 meis
1082 3141 1115 3195 et
1129 3139 1149 3194 4
1165 3133 1293 3198 famulis

144 3219 232 3302 apud
249 3216 426 3280 Haukland
444 3220 481 3293 17
499 3216 580 3280 Maii
596 3219 648 3280 od.
681 3217 726 3280 Et
740 3218 876 3280 Thomae
893 3218 1066 3303 Martynge
1080 3241 1139 3303 pro
1156 3221 1291 3305 cariagio

144 3304 286 3368 cervisiae
304 3326 407 3389 usque
423 3304 610 3389 Beuerpark
624 3326 683 3388 pro
701 3304 833 3367 domino
857 3304 983 3367 inludo
1001 3307 1132 3369 Paschae
1147 3309 1200 3370 sd.
1246 3309 1292 3371 Et

145 3389 288 3455 Henrico
305 3391 630 3477 Fetherstaynharvge
647 3391 823 3454 Willielmo
841 3391 957 3454 Brorvn
974 3400 1007 3454 et
1016 3392 1038 3454 J
1041 3414 1133 3476 asper
1150 3393 1292 3480 Horsley

143 3499 203 3561 pro
230 3478 410 3542 minacione
434 3478 623 3542 catellorum
639 3477 804 3540 Percivalli
825 3477 948 3562 Elyson
971 3478 1164 3542 aHervorth
1189 3502 1290 3563 usque

144 3565 331 3647 Beuerpark
347 3566 398 3628 sd.
421 3566 467 3628 Et
482 3564 626 3626 Roberto
643 3563 741 3646 Syme
757 3585 815 3647 pro
831 3564 981 3646 expensis
997 3565 1083 3645 apud
1099 3565 1226 3650 Aykley
1238 3567 1290 3629 sd.

187 3651 232 3712 Et
252 3658 288 3713 lo·
304 3651 424 3734 Aprilis
441 3650 615 3714 deliberavi
630 3651 766 3713 Ductori
783 3649 938 3712 Swalrvell
956 3651 990 3712 iu
1006 3671 1131 3713 camera
1146 3672 1204 3713 sua
1219 3652 1290 3714 Du·

141 3736 240 3800 nelm.
255 3757 314 3820 pro
330 3737 480 3820 expensis
501 3737 567 3800 suis
582 3737 616 3798 in
634 3735 880 3799 Convocacione
897 3735 983 3798 Cleri
998 3736 1085 3819 apud
1104 3736 1290 3801 Eboracum

143 3823 204 3885 viz.
220 3822 254 3884 in
269 3824 406 3906 pecunia
423 3825 485 3886 102.
501 3823 582 3886 etin
598 3843 675 3885 auro
692 3825 734 3885 ol.
755 3829 819 3884 133.
832 3823 993 3884 zia-rol.
1013 3829 1076 3885 133.
1093 3824 1146 3885 dd.
1193 3823 1290 3886 Unde

141 3908 373 3993 expenduntur
393 3931 451 3994 per
475 3909 584 3972 billam
600 3907 744 3991 magistri
768 3907 923 3971 Srralwell
945 3909 1138 3982 71936331.
1164 3917 1197 3971 et
1212 3909 1290 3971 resi·

142 3995 243 4059 duum
260 3995 339 4057 mihi
354 3995 387 4057 in
404 4006 567 4079 compotu,
582 3994 644 4058 viz.
663 3996 705 4056 92.
721 4000 768 4055 33.
785 3995 857 4072 fiad,
875 4002 913 4057 13
931 3995 982 4057 die
995 3993 1184 4057 Maii-An
1199 3994 1290 4058 oddi-

139 4084 205 4146 tion
223 4088 257 4145 at
272 4084 322 4144 tlte
344 4084 426 4145 bend
446 4082 488 4161 of
501 4084 550 4143 tlte
573 4081 697 4157 article,
712 4082 788 4143 wille
804 4084 855 4143 tlte
867 4081 1035 4161 followinp
1058 4084 1290 4147 memorandam

140 4171 175 4231 in
191 4171 243 4231 tlte
258 4170 401 4250 morpin:
440 4169 529 4231 Nota
554 4167 607 4230 hic
633 4187 692 4251 pro
722 4168 871 4249 expensis
902 4166 1054 4228 Doctoris
1080 4166 1235 4233 Swalvvell
1258 4180 1291 4234 et

139 4253 264 4319 domini
278 4254 413 4319 Thomae
427 4253 530 4340 Spark
545 4253 579 4317 in
595 4253 829 4318 convocacione
847 4252 933 4316 Cleri
943 4253 1035 4342 apud
1051 4253 1246 4320 Eboracum.

183 4428 364 4494 Exrnnsn
381 4429 601 4498 Wrnnrxmur
618 4428 953 4495 mansan-Patet
976 4427 1010 4492 in
1033 4441 1185 4516 compoto
1207 4429 1292 4495 inter

138 4535 211 4582 nos.
