2880 5046
193 993 343 1068 LIBER
370 994 609 1073 BURSARII
633 993 883 1072 ECCLESIAE
910 998 1270 1080 DUNELMENSIS

653 1175 811 1244 1530-1.

577 1621 876 1690 GARDEROBA.

195 1929 342 1998 Enrom
358 1934 618 2002 Pannonon-

193 2253 339 2318 Ennom
356 2254 593 2322 33333333-
616 2305 624 2321 .
649 2304 657 2322 .
681 2305 689 2323 .
714 2255 1028 2342 [GeorgioHeddon
1044 2263 1077 2321 31
1091 2255 1213 2319 famulo
1228 2272 1302 2317 meo

148 2339 184 2403 in
200 2340 250 2404 die
276 2341 512 2407 'Pranslaoionis
538 2344 650 2409 Sancti
666 2345 839 2411 Outhberti
861 2365 920 2430 pro
937 2344 1105 2444 empcione
1119 2343 1301 2406 liberaturae

146 2426 183 2489 in
197 2448 275 2490 auro
290 2430 355 2491 231.
371 2435 417 2493 63.
435 2432 485 2493 ed.
503 2431 600 2494 solut'
610 2431 645 2495 in
657 2441 810 2519 compoto
825 2432 903 2496 folio
919 2439 1019 2495 tercro
1035 2429 1232 2515 precedenti.

194 2513 241 2576 Ε1
267 2513 389 2579 eisdem
404 2516 522 2602 Vigilia
543 2519 777 2602 Apostolorum
794 2517 937 2583 Simonis
964 2527 997 2582 31
1019 2517 1115 2582 Judae
1140 2518 1202 2581 181.
1227 2563 1234 2579 .
1260 2563 1267 2578 .
1293 2562 1301 2579 .

146 2599 238 2664 fabro
261 2601 476 2668 Dunelmensi
499 2649 507 2666 .
532 2651 541 2669 .
565 2627 653 2671 .mo.
672 2613 739 2673 133.
755 2609 807 2672 41.
824 2606 910 2672 unde
933 2606 989 2670 soi
1016 2613 1074 2671 200
1089 2600 1299 2670 Novembris.

146 2685 188 2751 Ia
202 2689 368 2772 11339113]

197 2881 387 2968 [Sonoc1o]
407 2883 807 2950 Gannannnnonnn-

187 3228 334 3291 Enpcm
350 3225 523 3290 vim—Et
548 3224 582 3290 in
611 3230 626 3288 1
655 3225 822 3310 hogeshed
848 3223 914 3289 vini
942 3222 1026 3288 rubii
1053 3229 1164 3308 empto
1190 3221 1230 3285 de
1246 3220 1296 3285 Νο

144 3313 308 3400 Madyson
324 3333 474 3396 maryner
488 3320 557 3376 303.
1011 3346 1014 3351 -

187 3400 233 3463 Et
247 3399 281 3464 in
300 3408 313 3462 1
332 3408 439 3486 teyrse
454 3399 522 3463 vini
544 3404 655 3484 empto
678 3419 736 3484 per
750 3398 910 3463 Thomam
927 3397 999 3462 Bell
1013 3396 1048 3461 in
1063 3396 1161 3462 Novo
1178 3394 1294 3459 Castro

145 3488 210 3557 173.

185 3573 232 3636 Et
245 3572 279 3637 in
294 3579 316 3635 4
331 3572 424 3637 doliis
440 3571 508 3636 vini
523 3570 607 3635 rubii
633 3579 667 3636 31
681 3571 791 3636 clareti
807 3570 925 3656 emptis
942 3571 982 3635 de
997 3570 1151 3657 magistro
1179 3568 1293 3654 Swyn·

140 3659 225 3723 burn
241 3659 282 3722 ad
298 3661 339 3723 6l.
359 3667 424 3724 133.
440 3661 601 3722 4ι1.-361.
620 3665 687 3723 133.
703 3659 756 3722 41.

181 3745 227 3809 Et
242 3745 277 3809 in
294 3754 313 3809 9
328 3745 522 3830 hogeshedis
537 3744 606 3811 vini
620 3744 717 3822 rubii,
732 3752 753 3807 4
768 3743 963 3829 hogeshcdis
983 3743 1051 3808 vini
1071 3742 1181 3807 clareti
1206 3741 1255 3825 [31
1273 3750 1288 3806 l

138 3831 306 3916 hogeshed
316 3832 383 3895 vini
396 3830 460 3896 albi
469 3831 500 3915 *]
520 3831 639 3915 emptis
656 3831 696 3895 de
706 3831 833 3894 Thoma
843 3829 866 3894 J
868 3852 973 3894 onson
986 3832 1025 3894 ad
1041 3837 1109 3893 333.
1125 3831 1290 3893 431-151

138 3919 227 3982 unde
243 3918 339 3982 solut’
351 3918 455 3982 eidem
470 3918 505 3981 in
514 3918 708 3982 allocacionc
722 3938 780 4002 per
794 3916 904 3980 biliam
930 3925 963 3979 l0
977 3916 1099 4000 Aprilis
1114 3919 1156 3980 41.
1174 3923 1220 3977 53.
1236 3917 1289 3978 od.
1312 3959 1314 3965 s

138 4016 171 4068 31
186 4005 220 4067 in
243 4026 321 4070 auro
337 4005 451 4069 eodem
478 4015 624 4090 ternpore
653 4003 686 4066 in
707 4003 865 4068 scaccario
889 4003 1030 4065 Bursarii
1047 4003 1100 4078 51.,
1125 4010 1158 4065 31
1183 3998 1288 4064 cidem

137 4092 180 4167 27
195 4077 289 4172 Junii
304 4113 388 4155 anno
407 4097 487 4154 1531
505 4090 539 4153 in
549 4089 713 4153 Dunclmo
725 4089 760 4153 in
776 4089 933 4154 scaccario
944 4087 1087 4152 Bursarii
1099 4091 1142 4153 51.
1157 4095 1223 4151 143.
1237 4089 1288 4164 731.

137 4187 170 4242 et
180 4185 342 4349 {ildidiiti
358 4265 398 4328 de
414 4262 567 4327 Eduardo
584 4234 704 4327 Baxter
718 4268 736 4323 3
760 4260 961 4346 hogeshedes
975 4259 1054 4342 vini,
1073 4263 1161 4326 unde
1184 4268 1203 4325 2
1219 4261 1287 4328 vini

619 4444 636 4482 1*
655 4441 745 4494 Struck
754 4445 807 4497 out,

1048 4554 1070 4598 B
1093 4542 1113 4597 2
