2880 5046
221 444 283 501 246
642 453 756 496 umen
779 448 956 494 suessan

264 607 444 671 Exnxusn
468 605 689 669 Wmcmnm
713 603 957 669 Bonum.-

266 934 447 999 Excnnsn
479 953 591 999 0ch
622 951 907 1000 ccccxcmounu
940 949 1135 995 Aouonuu.
1182 928 1242 1005 Et,
1265 923 1302 989 in
1324 943 1377 987 ex·

223 1021 344 1107 pensis,
359 1042 419 1105 pro
435 1020 625 1085 collectione
639 1040 807 1104 agnorum.
853 1018 947 1082 Patet
961 1017 995 1080 in
1010 1015 1135 1090 rentali,
1152 1034 1243 1078 anno
1262 1017 1356 1111 1533.

269 1105 314 1170 Et
327 1107 362 1170 in
376 1106 527 1191 expensis
548 1105 684 1171 Roberti
706 1105 816 1191 Syme,
830 1104 865 1169 in
885 1102 1074 1169 collectione
1094 1102 1179 1167 lanae
1199 1095 1376 1174 denmols,

223 1192 307 1256 infra
320 1192 506 1277 parochiam
522 1192 563 1258 de
578 1191 834 1277 Norhemshyer,
849 1190 912 1256 hoc
926 1211 1025 1269 anno,
1039 1197 1087 1253 43.
1103 1189 1157 1253 Μ.

268 1364 450 1429 Exnnnsm
467 1386 691 1431 suncscoms
707 1384 847 1429 vcnsus
864 1362 1132 1426 deomena.-

268 1692 449 1756 Exnnnsm
473 1692 692 1758 Cunnnnnuu
716 1692 815 1756 Pom
838 1712 1055 1758 usnemun.
1099 1689 1146 1754 Et
1160 1689 1281 1769 eidem,
1296 1687 1379 1773 apud

227 1777 447 1863 Mugleswyk,
459 1780 512 1844 Μ.
550 1778 595 1842 Et
610 1778 725 1859 eidem,
741 1777 775 1841 in
790 1778 889 1843 Novo
905 1776 1129 1856 Castronius
1142 1775 1228 1855 vice,
1242 1776 1299 1841 od.
1335 1773 1377 1840 Et

227 1862 343 1942 eidem,
358 1864 443 1927 trina
464 1865 546 1943 vioe,
560 1863 693 1945 ibidem,
709 1865 762 1928 od.
806 1864 852 1928 Et
872 1863 989 1943 eidem,
1003 1863 1038 1927 in
1061 1863 1158 1928 Novo
1174 1861 1309 1943 castro,
1322 1881 1376 2010 ppo

226 1949 345 2033 granis,
370 1952 424 2014 Μ.
467 1952 514 2015 Et
537 1951 652 2031 eidem,
676 1951 761 2015 trino
786 1951 868 2030 vice,
894 1949 930 2014 in
952 1950 1050 2015 Novo
1077 1947 1209 2028 Castro,
1224 1948 1280 2012 od.
1355 1955 1376 2026 t,

229 2044 270 2099 10
285 2035 435 2119 Augusti,
450 2037 535 2101 trina
548 2037 619 2103 vice
631 2036 764 2117 ibidem,
778 2037 831 2101 ed.
884 2035 930 2100 Et
943 2035 1059 2114 eidem,
1080 2057 1146 2099 una
1160 2034 1233 2100 vice
1247 2032 1376 2112 ibidem,

227 2124 281 2186 Μ.
325 2122 371 2186 Et
385 2123 491 2188 eidem
511 2123 589 2188 bine
609 2124 690 2203 vice,
705 2123 739 2187 in
760 2123 858 2188 Novo
874 2122 1002 2201 Castro,
1016 2124 1070 2186 4d.
1114 2121 1161 2185 Et
1187 2120 1299 2185 eidem
1322 2140 1376 2207 pro

227 2208 323 2287 ferro,
338 2208 472 2275 domino
490 2209 602 2288 Priori,
616 2209 652 2273 in
667 2209 831 2294 expensis,
847 2210 899 2272 Μ.
944 2208 990 2272 Et
1004 2208 1039 2270 in
1055 2206 1209 2292 expensis
1226 2205 1268 2273 C.
1285 2206 1378 2292 Papo,

227 2316 287 2378 pro
303 2294 475 2378 dogdrave,
489 2297 531 2360 ad
546 2295 674 2374 salinas,
689 2297 742 2360 ed.
786 2295 832 2359 Et
846 2294 962 2372 eidem,
977 2295 1064 2378 apud
1075 2293 1211 2359 Novum
1227 2291 1378 2358 Castrum

229 2389 263 2443 et
278 2379 494 2469 Mugleswyk,
506 2385 559 2447 ed.
603 2382 649 2445 Et
662 2381 698 2444 in
712 2379 863 2464 expensis
876 2379 1077 2466 Pykerynge,
1086 2379 1175 2467 apud
1191 2377 1377 2459 Hebburne,

232 2466 375 2532 lul—33.
391 2470 443 2533 sa.

274 2631 320 2695 Et
333 2631 368 2694 in
383 2654 424 2698 ex
448 2631 534 2697 ensis
550 2629 729 2696 Clementis
753 2629 842 2708 Hall,
857 2650 970 2694 versus
994 2629 1182 2718 Hessylden
1197 2629 1299 2717 myle,
1319 2632 1379 2712 dd,

232 2738 307 2781 cum
321 2717 352 2782 le
367 2655 557 2804 saylwande.
820 2716 954 2781 Summa
967 2716 1087 2798 lateris,
1101 2724 1149 2782 4⁸.

274 2899 455 2964 Expnssm
477 2898 621 2965 Tnoum
637 2898 824 2965 Ynocsnn
840 2921 1061 2965 vnnnnnnn.
1106 2900 1152 2965 Et
1174 2901 1209 2965 in
1232 2901 1380 2988 expensis

230 3007 289 3071 per
314 2988 393 3049 duas
420 2993 545 3064 noctes,
560 2986 646 3070 apud
672 2986 888 3073 Mugleswyk,
909 2989 961 3050 Μ.
1006 2986 1052 3050 Et
1077 2986 1195 3067 eidem,
1224 2987 1262 3052 in
1288 2988 1380 3053 Novo

232 3071 359 3149 Castro,
374 3070 459 3134 trina
472 3070 553 3150 vice,
568 3093 627 3156 pro
642 3073 759 3156 granis
775 3075 827 3138 od.
872 3074 918 3136 Et
932 3073 1048 3152 eidem,
1066 3073 1150 3137 trina
1164 3073 1237 3139 vice
1252 3073 1382 3154 ibidem,

232 3159 284 3221 od.
328 3157 374 3220 Et
399 3155 515 3236 eidem,
540 3159 624 3222 trina
648 3158 729 3238 vice,
755 3158 790 3222 in
813 3160 910 3223 Novo
935 3159 1062 3238 Castro,
1088 3161 1141 3224 6d.
1197 3160 1247 3224 Et
1270 3161 1382 3240 eidem,

230 3264 290 3327 pro
315 3242 432 3326 granis,
461 3243 496 3308 in
526 3244 623 3308 Novo
649 3244 776 3324 castro,
807 3248 860 3310 Μ.
919 3246 965 3309 Es
994 3246 1111 3324 eidem,
1140 3267 1201 3331 pro
1233 3246 1381 3334 expensis

232 3328 319 3412 apud
343 3328 486 3414 Sbeyle3,
514 3330 554 3406 17
583 3329 674 3408 Julii,
698 3332 750 3394 ed.
806 3332 852 3395 Et
875 3330 991 3412 eidem,
1022 3338 1042 3396 3
1068 3333 1222 3417 Augusti,
1245 3356 1306 3418 pro
1331 3355 1382 3398 ex-

233 3414 343 3498 pensis
367 3415 498 3496 ibidem,
524 3416 608 3480 trino
632 3416 712 3494 vioe,
736 3418 788 3482 od.
844 3418 890 3483 Et
912 3418 1028 3498 eidem,
1050 3417 1135 3484 trina
1154 3417 1227 3484 vice
1253 3419 1382 3500 ibidem,

234 3502 287 3564 δά.
351 3501 397 3565 Et
426 3502 542 3580 eidem,
572 3501 656 3566 trina
688 3502 758 3568 vice
790 3502 923 3581 ibidem,
955 3507 1008 3569 od.
1071 3504 1118 3568 Et
1150 3504 1271 3586 eidem,
1303 3505 1382 3570 trinu

131 3661 134 3667 Ι
231 3587 313 3667 vice,
338 3587 373 3651 in
397 3589 494 3652 Novo
519 3586 646 3666 Castro,
666 3590 718 3652 od.
770 3590 817 3652 Et
841 3589 957 3669 eidem,
980 3612 1046 3654 una
1074 3590 1145 3655 vice
1170 3590 1309 3673 ibidem,
1333 3594 1383 3657 Μ.

84 4444 193 4760 l

236 3674 284 3738 Et
299 3673 403 3739 eidem
418 3674 453 3738 in
468 3673 565 3738 Novo
581 3673 708 3753 Castro,
723 3673 807 3739 trine
821 3676 902 3756 vice,
918 3679 971 3741 ed.
1014 3677 1061 3741 Et
1075 3676 1192 3755 eidem,
1204 3678 1296 3743 ¹trina
1309 3679 1384 3759 vioe,

233 3758 267 3822 in
284 3760 379 3824 Novo
397 3760 524 3838 Castro,
540 3762 593 3823 od.
637 3761 683 3825 Et
696 3761 730 3824 in
740 3762 891 3846 expensis
906 3763 947 3826 ad
968 3762 1086 3828 salinas
1106 3764 1147 3827 de
1163 3763 1313 3845 Yarrow‚
1328 3787 1382 3851 pro

236 3846 408 3931 dogdrave,
423 3847 476 3912 dd.
520 3846 566 3910 Et
588 3847 703 3927 eidem,
726 3847 760 3911 in
785 3848 883 3913 Novo
909 3848 1038 3929 Castro,
1054 3853 1106 3914 Μ.
1150 3850 1197 3914 Et
1221 3851 1340 3933 eidem,
1353 3851 1383 3914 in

236 3932 333 3997 Novo
347 3933 477 4011 Castro,
492 3954 552 4016 pro
575 3932 604 3997 le
627 3943 716 4017 tyne,
731 3935 784 3999 Μ.
828 3935 875 3999 Et
890 3934 1005 4014 eidem,
1023 3944 1062 4000 15
1083 3936 1219 4022 Aprilis,
1234 3959 1297 4025 pro
1312 3939 1384 4018 sele,

235 4020 288 4083 od.
333 4019 379 4081 Et
393 4041 453 4103 pro
468 4020 589 4083 ferrura
604 4019 701 4083 unius
717 4021 802 4105 equi,
819 4023 964 4086 nn-os.
982 4023 1034 4087 Μ.

280 4181 326 4243 Et
339 4180 372 4244 in
390 4180 541 4266 expensis
562 4182 586 4248 J
587 4182 725 4247 ohannis
748 4183 1007 4270 Greynsweyrde
1028 4186 1070 4250 ad
1085 4186 1213 4252 diversa
1228 4187 1313 4271 loca,
1327 4186 1384 4256 viz.

238 4266 452 4352 Mugleswyk,
466 4268 613 4348 Chester,
630 4269 817 4350 Hebbarne,
833 4281 867 4335 et
881 4271 1015 4337 Novum
1031 4271 1195 4354 Castrum,
1215 4277 1291 4343 led.

282 4353 415 4417 Summa
429 4353 548 4436 lateris,
565 4363 609 4422 8s.
626 4358 680 4422 Μ.
