2880 5046
217 475 279 536 102
635 482 750 533 uranu
772 476 950 532 auasaarr

262 643 462 707 Maarsares
485 660 533 705 na
558 640 726 707 Karana.
749 638 846 703 -Et
879 639 994 719 eidem,
1016 656 1077 723 pro
1106 630 1208 701 libero
1239 634 1373 701 redditu

219 729 365 794 omnium
395 738 552 792 terrarum
582 737 616 792 32
645 736 917 805 tenementorum,
943 740 980 790 ac
1010 724 1107 789 sectis
1139 724 1316 802 curiarum,
1338 723 1372 786 in

220 815 383 902 Gelygatt,
398 836 456 899 per
471 836 605 891 aunum,
626 821 694 878 543.
711 815 783 897 aad.
829 812 927 877 Unde
947 811 1045 875 soluti
1065 811 1181 888 eidem,
1210 816 1251 874 18
1268 808 1373 887 Junii,

242 923 277 965 er
307 902 481 966 Ricardum
510 900 749 985 Wylkyngson,
786 898 821 961 in
856 898 1014 962 scaccario
1044 896 1192 977 bursarii,
1224 894 1372 960 Roberto

217 924 384 1052 §methora
400 995 570 1071 praesente,
586 987 723 1059 21321.
769 982 813 1047 Ε2
838 985 954 1063 eidem,
981 991 1024 1049 20
1046 983 1255 1063 Novembris,
1272 981 1371 1046 soluti

216 1094 276 1158 per
298 1073 481 1137 Antonium
504 1070 606 1159 Wylk
650 1093 744 1155 gson,
768 1074 836 1144 273.
861 1073 913 1136 21.
970 1069 1014 1132 Ε2
1041 1070 1180 1158 quietus,
1208 1077 1369 1156 praesente

217 1159 387 1224 Clemente
403 1159 541 1223 Dixson.
619 1157 700 1221 ciam
716 1155 854 1242 quietus

261 1332 461 1397 crucum».
486 1352 525 1395 m
550 1344 729 1395 33333313
753 1329 890 1395 Sanam
914 1326 1212 1394 Marruuia—Et
1236 1330 1369 1394 domino

214 1419 351 1483 Thomae
367 1418 528 1484 Morefeld
549 1417 699 1499 [Thomae
712 1416 874 1481 Murefeld
900 1419 1009 1482 31333313
1029 1423 1094 1495 oct,
1118 1417 1182 1481 aad
1197 1416 1369 1503 Radulpho

215 1506 368 1570 Dukkett
382 1503 581 1584 intertiatam,
598 1503 763 1586 capellano
779 1503 911 1584 ibidem,
926 1524 986 1589 pro
1012 1502 1114 1566 libero
1129 1503 1260 1568 redditu
1275 1505 1369 1567 unius

216 1591 406 1669 tenementi,
436 1589 601 1674 quondam
624 1588 794 1652 Willielmi
820 1589 975 1676 Fenwyk,
1008 1589 1042 1652 in
1073 1589 1289 1674 Fleshergatt,
1326 1598 1369 1655 53.

219 1676 316 1741 Unde
341 1675 438 1740 soluti
454 1674 571 1753 eidem,
586 1683 628 1739 24
644 1675 853 1756 Novembris,
868 1677 903 1740 in
919 1675 1076 1740 scaccario
1092 1675 1239 1756 burmrii,
1257 1684 1304 1741 231
1320 1676 1369 1741 61.

218 1759 264 1825 Ε2
275 1762 391 1843 eidem,
409 1770 425 1827 l
443 1761 494 1826 die
509 1761 611 1839 Junii,
628 1762 663 1826 in
679 1763 837 1828 scaccario
852 1762 1000 1842 bursarii,
1016 1769 1062 1826 23.
1073 1764 1125 1827 61.
1171 1760 1216 1826 Ε2
1231 1764 1370 1849 quietus.

261 1934 434 1999 Roauaro
450 1934 699 2000 Aeuom-Et
717 1935 833 2014 eidem,
855 1958 915 2021 pro
937 1934 1039 2000 libero
1062 1935 1191 2000 redditu
1213 1943 1369 2000 terrarum

213 2019 250 2084 in
265 2021 397 2100 Brome,
423 2027 489 2086 133.
505 2024 557 2086 41.
604 2021 702 2087 Unde
719 2022 816 2086 soluti
837 2018 942 2088 eidem
957 2044 1015 2107 per
1030 2022 1052 2087 J
1054 2023 1216 2087 ohannem
1232 2022 1368 2102 Blande,

218 2112 259 2172 10
273 2105 377 2188 Junii,
395 2114 462 2172 133.
477 2109 530 2172 41.

260 2280 460 2346 Μ1313333
477 2281 760 2347 Genuum-Et
780 2280 912 2345 domino
932 2278 1073 2363 Georgio
1090 2279 1283 2360 Comfurth,
1308 2303 1370 2345 ma·

216 2374 318 2517 {istro
339 2367 471 2449 ibidem,
494 2390 553 2453 per
575 2390 704 2432 annum.
719 2374 766 2430 63.
783 2367 835 2430 81.
880 2365 979 2428 Unde
1001 2364 1099 2427 soluti
1120 2364 1236 2444 eidem,
1260 2367 1297 2431 in
1324 2367 1370 2432 die

244 2462 427 2520 antecastes
442 2476 528 2519 anno
546 2461 641 2534 1532,
656 2460 704 2517 63.
721 2453 772 2516 81.
818 2451 864 2514 112
878 2449 993 2515 eodem
1008 2450 1060 2514 dia
1077 2451 1175 2515 soluti
1190 2452 1298 2518 eidem
1314 2474 1370 2540 pro

215 2538 334 2606 vicario
349 2540 497 2621 bursarii,
512 2539 692 2606 celebrante
704 2558 854 2623 magnam
865 2536 1010 2617 missam,
1025 2547 1244 2623 3332311333,
1261 2547 1310 2606 63.
1321 2540 1370 2605 81.

261 2713 711 2780 Ρ3333313333333133
736 2732 783 2775 un
805 2711 918 2776 Faar.
963 2711 1009 2776 Et
1031 2712 1135 2777 eidem
1160 2734 1219 2798 pro
1245 2719 1265 2778 8
1290 2710 1370 2780 acria

216 2807 311 2864 terrm
334 2800 368 2864 in
388 2797 548 2863 territorio
568 2797 689 2862 ibidem
710 2819 906 2883 perannum
923 2806 990 2862 103.
1036 2799 1134 2864 Unde
1151 2799 1250 2863 soluti
1265 2801 1370 2867 eidem

214 2883 252 2951 in
266 2882 551 2952 firma'tanementi
565 2884 677 2948 matris
693 2906 760 2949 suae
777 2885 816 2949 de
834 2885 1044 2972 Meryngton,
1059 2895 1093 2950 32
1108 2887 1247 2972 quietus.

259 3057 691 3124 Cacomnemone-at
714 3059 848 3123 domino
874 3059 981 3142 Papae,
1007 3079 1066 3144 pro
1092 3058 1231 3123 denariis
1257 3060 1371 3127 Sancti
1414 3125 1424 3131 .

215 3143 315 3222 Petri,
335 3162 534 3226 perannum
558 3151 605 3220 73.
651 3145 792 3213 Quietus
812 3166 870 3231 per
892 3144 1156 3230 acquietanciam,
1181 3157 1220 3210 ut
1240 3149 1372 3228 3321333,

214 3250 274 3316 per
288 3229 498 3293 Edmondum
515 3230 631 3295 Stotts

265 3313 378 3400 [Unde
402 3315 501 3380 soluti
521 3316 556 3379 in
575 3317 733 3402 pensione
752 3316 851 3382 tercio
868 3317 971 3381 Priori
985 3325 1033 3384 63.
1049 3319 1100 3383 21.
1147 3318 1233 3384 Item
1250 3327 1298 3387 13.
1314 3342 1372 3407 pro

215 3423 238 3486 p
241 3447 453 3468 .........
469 3411 502 3467 32
517 3403 656 3488 quietus.
699 3407 739 3467 Ia
753 3403 920 3488 33339133]

261 3572 461 3640 Gauraina
485 3597 532 3641 ora
555 3576 1024 3642 (133333Β133333333.-Ε2
1043 3579 1176 3643 domino
1192 3578 1373 3645 Willielmo

216 3658 369 3747 Wylome
384 3662 559 3741 feretrario,
574 3683 632 3746 per
647 3684 769 3726 annum
787 3669 853 3727 133.
869 3665 922 3728 41.
968 3664 1066 3731 Unde
1082 3666 1180 3730 soluti
1195 3665 1315 3749 eidem,
1332 3675 1370 3732 21

217 3745 270 3812 die
285 3747 377 3822 Maii,
394 3770 479 3813 anno
498 3755 592 3812 1532.
636 3748 683 3811 Et
697 3748 836 3832 quietus

272 3833 318 3897 Et
340 3833 474 3897 domino
490 3833 629 3897 Ricardo
647 3833 775 3920 Crosby
790 3835 912 3900 decano
931 3838 1119 3902 monasterii
1135 3839 1374 3905 Dunelmensis

220 3925 287 3984 133.
301 3921 355 3983 41.
401 3920 500 3984 Unde
516 3920 613 3983 soluti
628 3919 744 4000 eidem,
762 3926 800 3997 17
817 3923 969 4008 Augusti,
984 3929 1031 3986 33.
1047 3926 1100 3989 41.
1145 3926 1191 3990 Et
1205 3925 1240 3990 in
1256 3927 1376 3992 alloca-

217 4004 310 4104 cione
339 4024 399 4090 pro
423 4013 555 4070 vectura
580 4005 677 4071 unius
709 4006 840 4072 scolaris
869 4029 983 4074 versus
1015 4009 1155 4077 London
1185 4016 1234 4077 63.
1251 4015 1307 4080 ad.
1337 4022 1376 4078 ut

217 4101 345 4155 estimo.

261 4177 307 4238 Et
322 4175 455 4240 domino
467 4177 490 4243 J
491 4179 611 4243 ohanni
623 4180 762 4260 Dukett,
778 4181 869 4244 alteri
881 4181 1014 4261 decano,
1029 4204 1087 4268 per
1099 4207 1221 4249 annum
1240 4192 1310 4255 133.
1322 4189 1376 4254 41.

217 4259 316 4327 Unde
331 4261 430 4327 soluti
445 4264 562 4346 eidam,
578 4273 596 4330 8
613 4265 753 4351 Augusti
769 4288 854 4330 anno
873 4274 968 4348 1532,
985 4274 1051 4334 133.
1067 4273 1121 4336 41.
