2880 5046
222 446 266 514 24
646 471 758 516 nisan
782 471 960 517 nonsanu

269 625 302 687 H
307 620 652 701 assumam-Et
666 624 800 690 domino
816 625 980 711 Episcopo
996 646 1055 710 pro
1074 623 1255 709 landmayle
1272 623 1374 706 (lssd.)

128 741 134 752 ·
226 720 259 775 et
271 710 478 775 sectis-euriae
497 710 574 793 (831.)
593 720 701 775 euml
720 712 818 775 domo
833 712 954 777 ibidem
973 712 1233 793 (1231)-33211,

270 796 601 862 (inmunem—Et
617 798 749 862 domino
770 799 936 884 Episcopo
956 820 1016 882 pro
1038 797 1198 861 landmale
1219 805 1252 861 et
1276 795 1375 859 sectis

226 883 385 947 curiarum
411 882 533 946 ibidem
559 888 654 959 md.
700 883 798 949 Unde
824 885 922 947 soluti
945 883 1050 948 eidem
1075 906 1133 968 per
1160 882 1375 946 Williclmum

224 970 445 1055 Tomlyngson
457 975 475 1031 8
487 970 677 1036 Decembris
686 972 781 1044 mid.
808 971 906 1035 Teste
919 970 1060 1056 Georgio
1073 969 1226 1050 Heddon,
1238 978 1271 1033 et
1286 969 1375 1032 idem

223 1056 420 1122 Willielmus
436 1055 516 1118 mihi
533 1057 630 1122 debet
645 1060 694 1141 {d

270 1143 629 1207 senosanam-Et
645 1143 777 1208 domino
792 1143 958 1229 Episcopo
973 1163 1033 1229 pro
1053 1142 1149 1210 sectis
1165 1143 1326 1208 curiarum
1343 1151 1377 1207 et

225 1229 385 1292 landmale
400 1227 521 1292 ibidem
537 1241 584 1295 23.
599 1234 652 1311 ld.

268 1316 627 1382 Annsncnscn.-Et
653 1318 785 1382 domino
812 1317 978 1404 Episcopo
1002 1339 1062 1404 pro
1086 1317 1230 1404 Wodyre
1253 1315 1375 1381 ibidem

226 1423 284 1486 per
299 1424 420 1465 annum
435 1405 508 1476 ssd.

227 1489 574 1639 dAnpdnnmoNeEt
597 1489 729 1555 domino
752 1490 918 1575 Episcopo
942 1512 1002 1576 pro
1025 1492 1121 1556 sectis
1138 1491 1299 1556 curiarum
1315 1489 1377 1555 ibi-

249 1596 301 1639 em
361 1622 369 1640 .

271 1740 389 1802 Paion
411 1759 458 1803 nn
479 1740 785 1805 sesemen-Et
813 1739 912 1825 priori
943 1742 983 1807 de
1007 1741 1164 1825 Fynehall
1190 1764 1249 1825 pro
1275 1740 1380 1806 libero

226 1825 355 1890 redditu
370 1833 526 1890 terrarum
543 1827 576 1889 in
589 1827 760 1891 Wermoth
777 1828 1016 1892 Monachorum
1033 1835 1100 1892 263.
1118 1830 1168 1890 sd.
1214 1828 1260 1890 Et
1270 1828 1380 1892 eidem

225 1935 285 1998 pro
311 1911 411 1975 libero
438 1912 567 1977 redditu
584 1921 625 1976 50
640 1936 785 1977 acrarum
811 1923 904 1978 terrae
930 1936 1004 1978 cum
1028 1921 1047 1977 2
1070 1913 1260 1998 messuagiis
1284 1924 1319 1977 et
1337 1922 1380 1977 10

226 2019 371 2161 pcrapppn
395 2007 488 2063 tense
511 1998 546 2062 in
571 2000 781 2087 Aldyngryge
807 2011 840 2065 et
864 2009 884 2064 3
912 2001 1003 2065 tostis
1029 2000 1151 2066 ibidem
1173 2022 1232 2087 per
1254 2021 1381 2064 annum

249 2107 274 2152 3.
356 2133 363 2151 .

272 2254 452 2318 Sacmsna
475 2254 961 2320 Donnnmnnsis—Videlicet
989 2276 1048 2338 pro
1073 2260 1092 2316 3
1124 2253 1204 2316 acris
1233 2253 1319 2337 prati
1345 2254 1381 2318 in

228 2340 365 2405 Bellacis
397 2342 448 2414 7d.
505 2341 567 2404 Pro
595 2350 678 2405 terra
701 2343 735 2417 in
764 2343 959 2406 Wolveston
987 2349 1053 2404 253.
1086 2342 1138 2403 cd.
1204 2340 1267 2402 Pro
1294 2349 1381 2405 terra

227 2427 261 2488 in
277 2426 533 2509 Estmeryngton
550 2433 618 2500 733.
634 2429 688 2492 dd.
719 2428 781 2491 Pro
797 2427 919 2491 lumine
933 2426 1037 2491 beatae
1050 2426 1165 2491 Mariae
1181 2426 1215 2489 in
1231 2426 1381 2491 Ecclesia

227 2511 443 2576 Dunelmensi
472 2518 537 2576 133.
564 2514 616 2574 nl.
678 2515 740 2577 Pro
767 2513 866 2579 libera
891 2513 984 2577 firma
1013 2514 1047 2577 in
1079 2514 1260 2598 Sadlergatt
1286 2521 1381 2577 53.-

233 2599 320 2672 1173.
336 2600 388 2661 od.
433 2597 531 2662 Unde
558 2598 656 2664 soluti
676 2599 781 2666 eidem
805 2603 822 2675 7
848 2600 994 2666 Januarii
1020 2623 1078 2687 per
1093 2600 1250 2666 famulum
1268 2621 1382 2666 meum

230 2683 372 2769 Horsley
389 2691 455 2749 263.
473 2687 524 2748 sd.

271 2845 639 2916 Ennnos1nnn1os.-

272 3195 771 3276 &mmmmm—(Black.)

270 3283 369 3346 Unde
386 3283 483 3347 soluti
499 3283 602 3347 eidem
619 3285 863 3364 communiario,
888 3285 922 3347 in
952 3303 1076 3347 camera
1097 3281 1263 3343 senescalli
1291 3281 1382 3367 apud

228 3388 369 3452 parcam,
392 3378 433 3433 29
450 3370 605 3448 Januarii,
629 3382 779 3456 presente
802 3371 934 3435 domino
956 3368 1107 3432 Johanne
1125 3366 1195 3428 Bell
1207 3367 1381 3447 refectorii,

230 3456 271 3518 sl.
318 3454 363 3519 Et
378 3456 493 3536 eidem,
509 3465 550 3521 29
568 3458 694 3538 Marcii,
709 3459 743 3522 in
760 3456 917 3522 scaccario
932 3452 1079 3529 bomani,
1092 3458 1160 3514 403.

275 3634 473 3703 Casinam
490 3658 619 3703 onnon
636 3637 774 3701 Mamm
792 3655 832 3700 no
849 3632 1062 3698 hanon.-

274 3986 391 4051 Pmoa
408 4007 455 4050 nn
474 3979 772 4047 Rumam—Et
786 3976 886 4064 priori
902 3979 941 4042 de
962 3975 1131 4063 Kyrkham
1155 3998 1215 4061 pro
1240 3978 1381 4060 quadam

230 4096 337 4136 annua
363 4071 518 4156 pensione
533 4090 592 4153 per
606 4089 725 4130 annum
742 4074 790 4130 43.
836 4066 933 4130 Unde
961 4065 1059 4129 soluti
1085 4063 1200 4142 eidem,
1223 4065 1382 4147 4Ap1ilis

229 4176 315 4222 anno
335 4165 426 4235 1531,
449 4176 507 4239 per
523 4153 707 4217 Gilbertum
724 4153 890 4232 Lilburne,
905 4160 953 4217 43.
1013 4152 1059 4216 Et
1075 4150 1202 4235 quietus
1218 4171 1277 4234 pro
1293 4174 1381 4217 anno

229 4245 350 4322 futuro,
365 4241 426 4306 viz.
443 4263 527 4305 anno
544 4247 636 4318 1531,
652 4240 748 4305 etiam
765 4239 904 4325 quietus.

274 4464 411 4490 .....
437 4421 743 4492 Kasossos-Et
758 4420 873 4503 eidem,
888 4442 948 4506 pro
963 4419 1064 4488 libero
1087 4417 1216 4484 redditu
1232 4417 1381 4485 omnium
