2880 5046
408 458 591 507 3300033333
615 460 877 506 0003003030
902 448 1040 507 1533-4.
1238 449 1301 525 297

196 615 372 680 1103333330
386 615 542 692 Ensron,
567 634 626 699 pro
642 612 735 677 terris
756 613 789 678 in
805 612 1073 700 Estmcryngton,
1122 635 1157 679 er
1179 637 1302 681 annum

153 707 221 765 123.
267 701 365 766 Unde
380 700 479 765 soluti
493 698 608 778 eidem,
629 706 667 764 13
684 698 786 777 Junii,
808 721 866 785 per
882 700 1048 764 Simonem
1108 702 1301 788 ylkyngson,

151 793 201 852 63.
245 787 292 852 Et
305 808 363 872 per
377 787 486 872 ipsum
502 785 678 865 Simonem,
696 790 733 860 17
751 785 959 866 Novembris,
973 793 1021 852 63.
1065 788 1111 851 Et
1126 789 1265 874 quietus.
1290 797 1291 800 ’

455 1125 693 1192 REDDITUS
716 1126 1001 1194 RESOLUTUS.

151 1324 305 1389 Dorrrno
330 1323 522 1400 Errrcopo,
544 1320 694 1386 videlicet
714 1343 774 1406 pro
796 1321 915 1387 fixione
938 1324 1043 1408 stagni
1065 1325 1243 1391 molendini
1267 1326 1303 1391 10

151 1409 266 1496 Acley,
280 1431 339 1494 per
353 1431 485 1488 annum,
499 1409 572 1471 1231.
618 1407 715 1472 Unde
730 1408 829 1472 soluti
842 1408 957 1488 eidem,
975 1413 1014 1486 17
1027 1411 1232 1493 Decembris,
1243 1434 1303 1499 per

150 1494 175 1560 J
178 1495 341 1560 ohannem
357 1496 496 1574 Burton,
513 1496 586 1558 1231.
629 1493 676 1558 Et
690 1493 828 1580 quietus.

196 1667 464 1733 Durium-Et
478 1665 593 1745 eidem,
615 1687 674 1751 pro
689 1665 848 1732 1303103310
863 1675 882 1731 3
898 1666 1125 1754 burgagiorum
1135 1670 1218 1736 infra
1228 1669 1306 1736 bur·

150 1777 231 1840 gum
246 1755 513 1832 Dunelmensem‚
531 1755 623 1835 15ὲ31.

198 1842 245 1906 Et
259 1842 375 1922 eidem,
390 1864 449 1928 pro
464 1840 625 1904 landmale
639 1845 660 1904 4
675 1837 902 1924 burgagiorum
917 1839 1001 1904 infra
1016 1841 1195 1929 Sadlergat,
1211 1845 1285 1931 8131.

197 1928 244 1992 Et
258 1928 373 2008 eidem,
388 1950 448 2013 pro
463 1926 538 1990 finis
554 1937 587 1991 et
602 1925 698 1991 sectis
713 1925 873 1990 curiarum
888 1925 1020 2005 ibidem,
1033 1930 1087 1992 831.

194 2014 241 2079 Ε1
262 2015 378 2093 0131003,
400 2036 459 2100 pro
473 2034 540 2077 uno
554 2010 707 2097 burgagio
723 2012 887 2095 quondam
903 2013 1071 2078 Willielmi
1094 2015 1237 2102 Fenwyk
1252 2038 1306 2082 ca·

176 2100 283 2178 ellani,
300 2101 373 2166 1231.

150 2122 175 2187 p
193 2186 240 2251 Et
254 2187 358 2251 eidem
372 2207 432 2272 pro
448 2208 513 2251 uno
524 2183 677 2270 burgagio
690 2182 853 2268 quondam
864 2181 887 2246 J
888 2182 1024 2248 ohannis
1037 2184 1213 2265 Mathone,
1231 2187 1304 2251 1231.

148 2273 249 2339 Unde
264 2272 362 2338 soluti
376 2272 492 2351 eidem,
514 2292 573 2356 per
585 2272 747 2336 Thomam
763 2268 884 2348 Potter,
900 2276 941 2332 26
958 2270 1165 2352 Novembris,
1187 2281 1235 2336 43.
1251 2275 1305 2340 831.

194 2360 241 2423 Et
255 2359 447 2425 coronatori
470 2358 616 2443 ejusdem
640 2355 764 2422 domini
789 2355 946 2441 Episcopi
971 2377 1031 2442 pro
1055 2357 1145 2422 exitu
1170 2357 1211 2423 de
1233 2380 1301 2424 uno

147 2445 279 2512 031010
302 2445 498 2530 Sadlergate,
520 2445 561 2509 ad
595 2453 719 2508 0301330
742 2441 867 2506 31003101
892 2441 1060 2528 Episcopi,
1082 2465 1141 2530 per
1167 2467 1302 2526 annum,

150 2533 223 2598 md.
268 2531 366 2597 Unde
382 2530 479 2596 soluti
494 2530 599 2596 eidem
614 2531 655 2594 ad
670 2550 785 2594 manus
800 2528 935 2594 Γ11103οω
948 2529 1092 2597 (1333000
1107 2531 1301 2614 coronatori,

152 2627 189 2685 11
208 2616 410 2697 Decembris,
428 2618 511 2696 md,
527 2626 562 2681 01
575 2616 714 2703 quietus.

192 2809 239 2873 Et
254 2810 429 2873 Ronsuro
444 2808 629 2886 Minoum,
651 2827 710 2890 pro
725 2805 825 2870 libera
839 2803 932 2868 firma
946 2812 1085 2870 0300010
1100 2805 1141 2869 310
1162 2827 1230 2871 uno
1252 2815 1302 2873 10-

144 2903 300 2962 nemerito
315 2894 351 2957 in
365 2895 436 2959 foro
446 2892 671 2971 Dunelmensi,
681 2891 844 2977 quondam
853 2890 876 2955 J
877 2890 1014 2955 ohannis
1027 2890 1183 2969 Mathew,
1195 2915 1302 2979 nuper

145 2983 320 3067 impetrato
335 3002 393 3064 per
408 2980 577 3045 dominum
587 2979 743 3060 Priorem,
751 3000 811 3064 pro
823 2976 963 3042 03013313
973 2977 996 3042 J
998 2976 1136 3041 ohannis
1154 2976 1177 3041 J
1178 2979 1300 3044 akeson

146 3069 189 3135 de
203 3068 387 3155 Esyngton,
402 3076 450 3131 23.

191 3254 548 3322 Hammone-Et
570 3252 703 3319 domino
727 3252 904 3339 Episcopo,
927 3272 987 3337 pro
1006 3249 1168 3317 landmale
1186 3253 1300 3338 (1831),

144 3343 294 3497 gpspptis
309 3341 470 3408 curiarum
488 3340 579 3425 (831),
605 3363 679 3406 cum
700 3363 766 3404 una
788 3339 886 3404 domo
907 3338 1030 3404 ibidem
1055 3341 1299 3425 (1231),-

191 3622 496 3691 Gnrrsrrnn.-Et
525 3620 658 3686 domino
679 3620 845 3706 Episcopo
867 3642 927 3707 pro
956 3620 1117 3684 landmale
1141 3627 1175 3682 01
1200 3620 1297 3686 sectis

143 3713 306 3779 curiarum
320 3710 452 3789 ibidem,
468 3711 562 3788 22131.
591 3723 593 3730 ’
607 3707 705 3772 Unde
721 3708 820 3771 soluti
834 3707 940 3771 eidem
955 3706 1131 3790 Episcopo,
1142 3726 1202 3790 per
1212 3706 1296 3771 Wil-

142 3799 290 3865 lielmum
304 3797 568 3882 Tomlyngson,3
584 3792 787 3872 Decembris,
803 3794 908 3877 md,
924 3800 958 3856 et
973 3791 1112 3876 quietus.

187 3991 547 4062 Summuranum—Et
562 3988 694 4053 domino
709 3986 887 4072 Episcopo,
902 4008 962 4072 pro
978 3985 1075 4051 sectis
1090 3984 1249 4050 curiarum
1262 3994 1296 4051 01

136 4081 305 4150 1303103310
319 4079 451 4157 ibidem,
467 4083 513 4141 23.
528 4078 582 4140 431.

186 4264 546 4336 Ammonias-Et
560 4261 693 4329 domino
704 4260 882 4348 Episcopo,
893 4282 952 4345 pro
967 4259 1079 4347 wodyr
1092 4256 1225 4340 ibidem,
1236 4280 1295 4345 per

138 4379 277 4436 annum,
291 4354 365 4430 3131.

1240 4494 1403 4752 Γ
