2880 5046
134 443 176 505 82
558 452 673 500 muna
695 448 874 499 suessan

133 635 217 692 rum,
240 632 299 696 pro
321 618 509 675 tenemento
532 606 695 676 Johannis
715 604 892 692 Grynweu,
917 605 989 671 141.
1034 603 1081 668 Et
1102 601 1212 667 eidem
1227 601 1291 667 Ra·

134 699 268 786 dulpho,
292 720 359 783 prae
383 696 544 772 manibus,
567 717 627 780 pro
653 699 671 771 7
692 695 737 779 pl.
758 693 950 778 tegrdarum,
976 691 1018 754 ad
1043 691 1213 754 141.-83.
1238 690 1289 755 21.

134 786 181 850 Et
195 786 311 865 eidem,
326 806 393 870 prae
410 783 571 861 manibuS,
589 804 648 867 pro
664 788 682 845 5
699 781 746 865 31.
760 780 952 864 tegularum,
974 777 1016 842 ad
1033 779 1201 845 141-53
1219 777 1289 844 101.

135 873 181 937 Et
201 873 300 937 soluti
316 871 457 956 Georgio
480 869 596 935 Skelus
617 890 677 954 pro
693 876 712 933 2
728 867 774 953 31.
789 867 971 951 tegularum
987 873 1035 932 23.
1048 865 1102 930 41.
1149 863 1290 934 Quietus

134 959 169 1026 in
184 960 249 1023 fine
263 959 347 1023 libri.

181 1054 319 1111 131333.
337 1044 394 1127 (sc.
413 1042 487 1124 121)
505 1043 550 1127 31.
566 1042 747 1126 tegularum
761 1039 803 1106 ad
819 1040 893 1105 141.
937 1040 981 1115 71.
998 1039 1072 1107 led.

178 1133 225 1197 Et
238 1154 298 1216 pro
315 1137 356 1195 28
371 1131 417 1215 31.
432 1131 462 1194 13
476 1130 576 1216 fleggs
593 1136 640 1193 93.
654 1130 708 1194 41.

178 1306 356 1371 Teanum
373 1303 641 1369 namnum—Et
656 1301 754 1367 soluti
771 1301 912 1387 Georgia
928 1299 1046 1366 Skelua
1066 1308 1100 1365 et
1115 1297 1288 1384 Redulpho

138 1394 239 1479 Blyth
253 1414 313 1477 pro
334 1401 459 1456 tectura
476 1399 516 1468 11
535 1390 594 1455 rod
618 1411 715 1474 super
736 1390 767 1453 le
789 1389 1010 1453 oowrtehouse
1032 1387 1119 1472 apud
1134 1386 1289 1472 Meryng-

136 1488 205 1559 ton,
228 1479 269 1542 ad
285 1486 331 1542 43.
348 1481 493 1542 61-63.
510 1479 563 1542 91.
608 1478 655 1541 Ε3
674 1476 779 1541 eidem
794 1485 827 1539 et
842 1475 1017 1560 Radulpho
1032 1473 1133 1559 Blyth
1148 1495 1211 1557 pro
1226 1483 1288 1539 teo·

136 1576 208 1632 tura
222 1563 242 1643 1
256 1565 315 1629 rod
331 1586 428 1649 super
442 1565 472 1629 le
486 1564 560 1648 luge
575 1562 658 1627 infra
671 1585 806 1648 parcum
821 1562 861 1626 de
877 1561 1066 1648 Beuerpark
1081 1568 1127 1627 23.
1143 1562 1287 1627 31-93.

181 1737 577 1802 Puucrunmorvn—Et
595 1736 693 1801 soluti
713 1735 854 1822 Georgio
875 1736 992 1801 Skelus
1014 1744 1048 1800 et
1069 1735 1137 1800 suis
1161 1733 1289 1801 famulis

135 1844 196 1909 pro
218 1823 457 1907 punctuatione
480 1833 499 1888 3
523 1824 583 1888 rod
608 1832 641 1888 et
664 1831 683 1887 6
707 1824 786 1902 uln,
808 1823 849 1887 ad
866 1826 1010 1888 81-23.
1026 1825 1079 1888 81.
1125 1822 1173 1887 Et
1195 1821 1289 1887 soluti

137 1909 243 1973 eidem
257 1931 317 1994 pro
339 1911 577 1994 punctuacione
600 1917 619 1974 6
642 1912 702 1975 rod
725 1932 822 1997 super
842 1911 873 1975 le
895 1911 968 1994 luge
990 1910 1077 1995 apud
1092 1907 1288 1994 Beuerpark,

137 1995 178 2058 ad
194 1997 337 2063 81.-43.
384 1997 440 2077 Et,
464 2005 483 2060 8
499 1998 633 2083 Aprilis,
656 1999 754 2062 soluti
777 1998 883 2062 eidem
899 1997 1040 2080 Georgio
1056 2017 1116 2081 pro
1131 2004 1288 2080 punctus·

137 2082 230 2147 31333
247 2084 286 2163 83
305 2083 365 2148 rod
386 2106 482 2168 super
506 2086 632 2150 diversa
655 2085 815 2149 domicilia
829 2084 974 2148 Eduardi
991 2083 1159 2160 Swalwell,
1182 2081 1228 2145 ad
1243 2082 1288 2146 81.

136 2176 228 2234 -53,
243 2173 297 2235 41.
342 2170 388 2234 Ε3
404 2172 501 2236 soluti
516 2172 639 2236 eisdem
653 2194 713 2255 pro
731 2171 970 2256 punctuacione
987 2177 1002 2233 1
1020 2170 1090 2246 331,
1113 2167 1288 2234 deficienti·

136 2255 200 2320 bus
227 2264 245 2320 5
273 2257 370 2336 ulnis,
401 2280 498 2344 super
528 2257 692 2322 stabulum
722 2257 838 2320 catoris
862 2255 1011 2338 piscium,
1028 2255 1079 2316 81.
1124 2254 1172 2317 Et
1195 2253 1288 2320 soluti

138 2342 261 2407 eisdem
283 2366 342 2427 pro
365 2345 602 2427 punctuacione
620 2346 658 2416 17
675 2343 735 2405 rod
752 2352 786 2405 et
806 2350 821 2402 1
845 2362 909 2424 qu,
933 2359 1029 2423 super
1051 2337 1179 2402 diversa
1204 2351 1288 2407 tene·

137 2438 247 2492 menta
262 2429 295 2492 in
311 2429 382 2493 3133
396 2430 435 2492 de
452 2428 649 2512 Gatyssyde,
664 2427 706 2489 ad
721 2429 892 2491 8d.—lls.·
903 2427 956 2489 61.
1001 2428 1042 2499 37
1055 2425 1140 2490 Rod.
1155 2433 1229 2494 243.
1242 2429 1286 2493 81

181 2600 611 2665 Dmmnmmms-Et
644 2597 741 2664 soluti
772 2599 944 2684 Radulpho
976 2599 1077 2686 Blyth
1107 2608 1141 2665 33
1169 2600 1288 2667 famulo

140 2686 256 2750 Skelus
279 2709 354 2751 cum
376 2707 442 2750 uno
466 2686 625 2750 serviente
649 2708 745 2771 super
767 2694 991 2752 tenementum
1013 2686 1048 2750 in
1070 2687 1141 2751 foro
1164 2687 1289 2754 Dunel-

136 2773 242 2836 mensi
264 2783 297 2837 et
318 2781 541 2836 tenementum
562 2772 677 2859 Busby
695 2772 827 2852 ibidem,
850 2795 909 2857 per
932 2784 998 2838 tres
1019 2774 1099 2853 dies,
1123 2795 1182 2857 per
1207 2775 1288 2841 diem

140 2861 304 2923 111-23
325 2860 377 2921 91.
422 2859 469 2922 Et
488 2858 593 2922 eidem
617 2869 649 2923 et
675 2861 815 2944 quinque
840 2860 946 2939 sociis,
972 2860 1006 2923 in
1032 2861 1062 2924 le
1085 2881 1288 2947 pargenynge

138 2947 225 3030 apud
248 2946 457 3028 Meryngton,
481 2967 518 3010 ac
541 2946 770 3011 emendacione
792 2947 997 3026 foraminum,
1020 2968 1079 3031 per
1099 2955 1114 3010 1
1133 2947 1224 3013 diem
1246 2955 1287 3013 23.

137 3033 185 3096 Et
199 3030 304 3096 eidem
320 3031 462 3131 Georgia
477 3041 511 3096 et
528 3041 543 3096 1
562 3033 725 3111 servienti,
745 3055 804 3118 per
824 3040 844 3098 6
860 3033 941 3113 dies,
960 3033 995 3096 in
1011 3032 1203 3132 mutacione·
1214 3044 1248 3099 et
1260 3032 1287 3098 13

137 3117 1288 3291 uirtutis?{sursumsunt‚triadum

137 3289 168 3352 13
193 3301 332 3354 warrant
357 3290 489 3371 ibidem,
515 3293 556 3356 ad
584 3295 747 3356 101.-83.
769 3293 822 3356 41.
869 3292 966 3356 Unde
993 3293 1090 3357 soluti
1112 3291 1287 3357 Willielmo

140 3375 241 3460 Guby
259 3398 318 3460 per
338 3378 506 3442 dominum
525 3378 736 3444 Willielmum
753 3377 888 3442 Walshe
912 3387 958 3443 23.
982 3381 1036 3443 41.
1053 3389 1086 3444 33
1105 3399 1164 3462 333
1188 3379 1288 3464 meip-

139 3483 223 3540 sum,
245 3463 361 3527 ultimo
377 3464 588 3549 Septembris,
612 3473 658 3527 23.
675 3465 726 3528 81.
742 3473 776 3527 33
791 3464 936 3529 Martino
953 3466 1099 3549 Godfray
1113 3486 1171 3549 per
1188 3464 1288 3530 domi-

138 3570 219 3611 num
234 3549 446 3614 Willielmum
461 3550 597 3614 Walshe
612 3556 658 3614 23.
674 3552 727 3614 41.
752 3558 785 3614 33
806 3572 864 3636 333
878 3551 1093 3615 Willielmum
1109 3550 1214 3636 Guby
1227 3553 1288 3628 41,

138 3644 172 3699 33
186 3637 279 3699 uxori
295 3658 361 3701 suae
376 3639 439 3710 41,
465 3644 498 3699 33
519 3636 635 3714 eidem,
649 3636 709 3700 ult.
726 3636 816 3722 Sept.
832 3639 884 3701 41.
930 3639 976 3701 Et
994 3638 1099 3701 eidem
1115 3638 1288 3723 Radulpho

139 3721 251 3806 Blyth,
274 3723 447 3806 Radulpho
468 3720 584 3785 Skelus
608 3731 641 3786 et
663 3723 725 3786 alio
747 3745 839 3787 servo
862 3723 1026 3808 Radulphi
1041 3724 1174 3808 Blythe,
1198 3731 1287 3809 3332

139 3807 218 3886 dies,
242 3830 339 3892 super
361 3816 583 3871 tenementum
606 3808 640 3871 in
663 3810 732 3874 foro
748 3810 974 3890 Dunelmensi,
995 3832 1054 3896 per
1069 3811 1155 3876 diem
1174 3812 1288 3875 101.-

139 3897 213 3959 201.
258 3895 304 3956 Et
323 3894 428 3957 eidem
445 3893 616 3978 Radulpho
639 3895 770 3974 ibidem,
795 3919 893 3981 super
914 3897 1037 3961 dictum
1053 3905 1288 3976 tenementum,

138 3989 205 4043 332
222 3979 436 4043 servientibus
451 4000 510 4063 per
525 3987 542 4042 5
561 3980 640 4059 dies,
663 4004 721 4066 per
740 3983 826 4047 diem
844 3985 1011 4050 101.-43.
1026 3985 1078 4047 21.
1123 3983 1171 4047 Et
1185 3984 1289 4049 eidem

138 4074 172 4130 et
188 4074 206 4129 2
224 4064 448 4144 servientibus,
470 4087 567 4151 super
581 4069 745 4133 stabulum
761 4069 800 4133 C.
817 4070 903 4155 Pape
922 4070 1001 4153 (11),
1016 4080 1051 4135 33
1064 4079 1289 4136 tenementum

138 4149 254 4214 Jacobi
282 4150 420 4215 Garuett
448 4153 526 4235 (11),
554 4175 613 4238 333
641 4165 707 4219 tres
734 4155 893 4219 (1133-23.
921 4158 973 4220 61.
1018 4157 1063 4220 Ε3
1093 4156 1201 4221 eidem
1227 4159 1289 4221 Ra·

138 4234 272 4318 dulph0,
299 4236 443 4304 Henrico
468 4240 642 4305 Huohison
668 4249 700 4305 et
722 4242 842 4306 famulo
866 4242 1029 4326 Radulphi
1052 4243 1167 4327 Blyth,
1195 4263 1290 4328 super

136 4329 360 4388 tenementum
375 4324 492 4391 Jacobi
508 4326 657 4405 Gamett,
677 4348 735 4411 per
751 4335 768 4390 5
786 4327 866 4407 dies,
881 4350 939 4414 per
954 4329 1040 4393 diem
1057 4331 1226 4395 111-43.
1239 4329 1289 4405 71.

139 4405 225 4473 Item
247 4430 307 4505 333
331 4411 474 4488 clavibus
498 4413 618 4500 emptis
635 4435 695 4498 pro
719 4413 804 4480 dicta
830 4415 928 4482 domo
958 4417 1007 4481 11.
1029 4437 1088 4502 333
1110 4415 1290 4505 Georgium

7 4466 106 4744 1
